3222 5044
1165 445 1205 513 33

233 607 272 668 Ε.
316 603 384 667 Uno
413 602 480 666 loco
514 617 650 681 precene
684 599 825 664 infinitivi
858 621 913 682 pro
946 599 1123 666 accusativo
1153 621 1187 668 ec
1216 608 1248 668 et

149 711 251 774 futuro
275 707 425 770 infinitivo
450 707 595 768 Horatius
618 710 754 783 usurpat.
1209 723 1212 730 ¹

235 813 291 876 Od.
322 807 351 872 1:
385 805 436 884 15,
473 807 491 871 ‘I
520 807 679 886 conjurata
713 827 853 887 rumpere
889 810 1021 888 nuptiae.
1060 811 1122 888 (Sic
1157 810 1248 871 etiam

151 917 224 979 Sall.
247 916 317 991 Jug.
342 909 408 989 52).

238 1019 326 1078 Hunc
350 1017 449 1076 iocum
472 1015 644 1090 complures
666 1014 710 1073 ita
736 1013 983 1090 interpretantur,
1007 1016 1041 1074 ut
1064 1013 1178 1089 dicant,
1202 1014 1248 1074 in·

155 1120 269 1182 finitivo
293 1115 450 1179 consilium
474 1114 651 1191 significari,
675 1121 706 1175 et
729 1115 807 1178 hano
834 1116 960 1177 formam
984 1117 1071 1178 verbi
1102 1117 1248 1192 praeponi-

148 1223 223 1284 tioni
245 1219 290 1283 od
322 1237 389 1280 cum
423 1217 598 1278 acomativo
633 1219 773 1296 gerundii
806 1221 856 1280 vel
890 1219 1097 1295 conjunctioni
1121 1225 1154 1278 nt
1177 1237 1244 1279 cnm

150 1322 344 1401 conjunctivo
369 1321 491 1382 sociatae
525 1323 722 1397 respondere,
749 1340 875 1398 quarum
910 1306 975 1381 haec
1008 1322 1090 1398 apnd
1123 1321 1243 1382 Livium

148 1432 316 1514 vernetum
336 1424 396 1486 Sed
429 1425 567 1483 neutram
604 1423 854 1500 compositionem
877 1423 959 1500 apud
981 1422 1158 1484 Ciceronem
1192 1428 1246 1485 aut
1344 1457 1350 1472 -

149 1533 299 1594 anarem
328 1526 440 1599 inveni,
473 1542 598 1601 quorum
628 1523 677 1584 hio
709 1527 742 1586 Β.
780 1524 816 1586 d.
841 1523 871 1598 8,
905 1523 943 1588 13
958 1523 983 1600 ¹)
1012 1543 1119 1587 vocem
1142 1527 1247 1608 eonju-

151 1630 234 1695 rendi
268 1631 335 1690 loco
370 1629 532 1690 verborum
566 1625 762 1703 promittendi
796 1626 890 1688 habet
924 1632 1017 1704 atque
1048 1630 1126 1690 adeo
1152 1630 1246 1690 inter·

151 1735 220 1795 dum
243 1733 340 1793 solnm
363 1747 500 1808 praesens
522 1727 663 1789 infinitivi
685 1748 739 1806 pro
763 1730 937 1790 accusativo
960 1748 994 1792 se
1019 1736 1054 1790 et
1074 1733 1175 1792 futuro
1198 1733 1245 1792 in·

148 1837 256 1897 finitivi
278 1836 318 1895 ad
341 1835 436 1894 verba
459 1828 629 1915 poiiieeodi,
651 1828 835 1909 contuendi,
858 1831 998 1912 sperandi
1026 1832 1202 1911 apponit2).

233 1939 268 1999 F.
314 1937 446 1996 Maximo
470 1933 593 2011 proprie
626 1937 783 2009 poetarum
810 1936 841 1992 et
863 1934 1065 1996 recentiorum
1088 1941 1246 1998 auctorum

149 2043 190 2102 ad
213 2041 337 2100 verbum
360 2034 514 2111 censendi,
539 2052 629 2112 quum
653 2033 790 2098 enethice
813 2036 911 2095 velet:
948 2037 1048 2098 ”rdeta
1081 2038 1155 2114 fdr”‚
1178 2039 1245 2099 infi-

150 2143 262 2202 nitivus
285 2140 378 2202 activi
402 2157 468 2200 oum
492 2137 667 2198 accusativo
692 2137 806 2214 objecti
839 2139 998 2216 reperitur,
1034 2159 1124 2218 quum
1146 2142 1177 2201 in
1200 2160 1244 2203 or.

149 2249 205 2306 ool.
230 2245 322 2320 vulgo
346 2240 539 2302 accusativus
563 2240 697 2316 subjecti
719 2258 787 2301 cum
805 2241 984 2316 gerundivo,
1007 2243 1156 2304 infinitivo
1178 2261 1247 2307 esse

151 2349 249 2426 ponito
274 2341 322 2407 vel
346 2345 456 2405 omisso
478 2343 645 2420 (praecipue
669 2343 732 2404 (iic.
758 2346 788 2402 ct
810 2341 908 2420 Seli),
928 2348 981 2405 aut
1004 2346 1154 2406 interdum
1178 2364 1246 2407 cum

152 2449 302 2511 infinitivo
325 2445 486 2527 praeeentie
507 2444 624 2522 passivi
647 2445 727 2518 (Liv.
752 2449 782 2505 et
806 2445 879 2506 Sall.
905 2447 975 2523 Jug.
1000 2443 1037 2506 21
1064 2449 1157 2524 extr.)
1175 2465 1246 2507 con·

150 2554 276 2630 junctus
288 2551 315 2630 ³)
349 2555 402 2612 ant
424 2548 507 2626 apud
528 2547 682 2608 (iacerem
705 2565 792 2625 sape
815 2547 907 2608 etiam
928 2548 1100 2627 conjunctio
1123 2552 1158 2612 ut
1180 2567 1248 2610 cum

151 2655 343 2731 conjunctivo
367 2650 561 2730 sequatur⁴):

236 2755 333 2830 Epist.
359 2752 385 2814 l:
411 2751 444 2826 2,
468 2753 486 2816 9
511 2758 616 2814 censet
637 2753 806 2831 praecidere
829 2769 951 2815 caueam
975 2751 1058 2814 belli.

399 3071 449 3153 tv.
504 3072 552 3155 iic
579 3075 693 3157 dativo
722 3095 798 3156 cunr
827 3076 1004 3157 infinitivo.

239 3285 312 3360 Quae
342 3289 438 3347 verba
472 3287 553 3365 apud
589 3287 747 3349 Horatium
771 3291 882 3365 praeter
905 3288 1153 3350 consuetudinem
1178 3307 1246 3348 ora·

156 3387 248 3446 tionis
270 3389 379 3449 cointae
404 3387 508 3451 dativo
531 3395 563 3450 et
584 3389 732 3452 infinitivo
756 3390 920 3464 socientur,
938 3409 977 3451 cx
993 3409 1039 3465 eo,
1058 3391 1139 3468 quod
1155 3407 1248 3468 supra

152 3511 348 3526 1-—1-——1—

225 3576 251 3634 1)
271 3575 363 3624 «Inter
387 3592 415 3626 ae
436 3579 591 3642 conjurant,
615 3577 669 3644 (so)
689 3580 758 3630 nihil
775 3580 830 3629 nisi
848 3580 984 3629 communi
1004 3581 1118 3630 coneilio
1139 3583 1248 3628 acturos

153 3659 322 3723 eundemque
351 3664 438 3712 omnis
467 3666 586 3715 iottunae
615 3668 718 3717 exitum
742 3681 803 3736 psse
830 3667 961 3717 letamen
998 3667 1119 3716 Kochins
1141 3667 1170 3715 in
1198 3680 1247 3714 nuo

151 3745 241 3794 lexico
260 3746 413 3798 Horatiano
433 3753 461 3799 et
479 3751 618 3802 Nauckius
638 3756 672 3804 de
691 3755 804 3806 Horatii
822 3755 889 3805 Odia
908 3759 936 3804 et
954 3754 1060 3818 Epodis
1080 3753 1185 3812 dicunt,
1205 3752 1246 3800 in·

153 3831 260 3881 finitivo
280 3833 420 3884 notionem
441 3835 522 3885 officii
541 3839 661 3889 subesse.

222 3921 248 3980 2)
265 3918 377 3982 Madvig
395 3920 410 3985 ς
431 3923 480 3970 395
499 3922 576 3971 Anm.
596 3925 624 3983 33
643 3926 810 3990 Higgstrdm
829 3929 864 3976 ad
884 3926 950 3976 Oaea.
970 3927 999 3975 B.
1019 3925 1050 3975 G.
1066 3925 1239 3987 1:3‚6fflor-

153 4005 286 4056 klarande
306 4007 525 4070 anmdrkningan
544 4010 649 4072 Upaala
669 4012 744 4070 1858,
764 4029 819 4076 pag
840 4013 890 4073 19).

160 4146 162 4150 ,
223 4090 251 4158 3)
269 4094 379 4156 Madvig
408 4094 422 4159 ξ
451 4096 500 4144 396
520 4097 597 4146 Anm.
626 4103 648 4145 4.
679 4098 787 4149 Schultz
818 4100 832 4165 ξ
862 4101 919 4148 398:
948 4101 1057 4150 ldnm.
1078 4101 1103 4149 6.
1122 4100 1249 4149 Kiihnast

155 4193 218 4246 pag.
238 4181 297 4230 247.

224 4265 250 4332 4)
268 4267 338 4317 Vide
356 4267 503 4319 Klotnium.
1164 4343 1179 4390 ὅ
