3222 5044
374 423 393 488 2

332 579 390 656 Qui
408 581 473 659 jam
496 585 574 658 tum,
610 601 700 663 quum
730 585 858 646 Romani
881 583 1054 648 Greoornrn
1089 583 1208 646 litteras
1236 585 1424 664 perscrutari

332 691 508 764 coeperunt,
544 694 610 752 erat
641 691 796 766 perfectus
819 693 1019 768 expletusque
1042 689 1181 751 omnibus
1203 690 1267 751 suis
1290 691 1424 752 numeris

331 795 362 851 et
383 792 532 868 partibus,
568 813 627 871 quo
662 794 726 854 fieri
756 813 815 855 non
838 795 946 872 potuit,
978 793 1050 870 quin
1073 793 1126 864 illi,
1151 811 1269 854 summa
1291 794 1421 854 admira-

330 895 413 956 tione
437 899 529 974 oapti,
554 915 607 958 eas
629 899 688 959 sibi
717 897 756 958 ad
785 899 962 960 imitandum
989 901 1204 974 proponerent.
1250 899 1298 958 Ite
1321 897 1419 958 Latini

329 1004 427 1076 potitae
450 1001 595 1062 facillime
619 1001 744 1062 adducti
767 1005 846 1074 sunt,
863 1007 896 1061 nt
918 1019 957 1060 ex
981 1001 1095 1062 Graccis
1117 1018 1155 1062 ca
1178 1004 1340 1072 sumerent,
1355 1019 1422 1076 qus

331 1104 370 1163 ad
403 1122 466 1164 rem
500 1105 612 1164 idonea
642 1104 828 1177 viderentur,
857 1122 893 1164 ac
917 1121 998 1180 eaepe
1021 1104 1146 1163 verbum
1170 1122 1187 1162 e
1207 1105 1297 1164 verbo
1321 1106 1421 1162 trans-

330 1206 473 1282 tulerunt,
498 1206 705 1284 quotidianum
730 1224 815 1266 nsum
836 1207 982 1266 sermonis
1005 1205 1096 1284 patrii
1119 1207 1319 1284 negligentes.
1345 1204 1418 1278 Quae

333 1308 399 1368 duae
434 1326 483 1368 res
516 1308 647 1368 maxime
675 1309 706 1368 in
737 1309 894 1368 Horatium
917 1309 1039 1369 cadunt.
1085 1311 1116 1370 Is
1139 1309 1218 1368 enim
1242 1327 1303 1369 non
1325 1309 1419 1369 solum

333 1413 484 1487 satiricus,
521 1413 576 1472 sed
610 1413 701 1474 etiam
734 1412 848 1490 lyricus
876 1418 968 1490 potita
997 1417 1063 1474 erat
1092 1417 1123 1474 et
1145 1413 1258 1490 primns
1281 1416 1423 1490 poemata

331 1518 441 1577 melica
476 1516 606 1593 quodam
641 1517 768 1578 artificio
797 1520 828 1575 et
850 1517 900 1578 via
921 1518 1031 1578 Latine
1055 1518 1224 1594 composuit
1237 1513 1275 1597 ¹),
1309 1517 1423 1594 quain

332 1638 364 1681 re
389 1621 441 1681 diu
470 1619 690 1697 posterioribus
722 1621 823 1696 po‘e'tis
855 1622 994 1698 exemplo
1029 1619 1097 1683 init.
1141 1619 1241 1696 Atque
1267 1619 1359 1678 etiam
1384 1635 1422 1676 ex

333 1723 561 1801 comparatione
584 1722 681 1798 magis
705 1722 735 1780 in
758 1723 863 1800 lyricis
880 1723 1063 1783 carminibus
1080 1740 1169 1798 qnam
1181 1721 1210 1780 in
1226 1720 1423 1781 Sermonibus

332 1827 371 1886 sb
395 1825 532 1885 oratione
556 1824 735 1902 scriptorum
759 1825 912 1886 abhorret.
947 1826 1008 1886 Sed
1030 1826 1060 1884 in
1084 1826 1135 1884 illo
1160 1840 1270 1900 genere
1297 1822 1423 1882 Graecos

332 1932 482 2002 auctores,
505 1928 659 2005 praecipue
682 1927 828 2002 Alcaeum,
841 1929 975 2005 Sappho,
988 1926 1204 1987 Archilochum
1227 1928 1348 1984 secutus
1366 1928 1421 1985 est.

332 2033 440 2107 Neque
464 2031 494 2091 id
519 2030 625 2090 mirum
649 2035 724 2103 erat,
750 2049 839 2108 quum
864 2030 1007 2090 Horatius
1031 2030 1060 2088 in
1080 2027 1198 2089 Graecia
1210 2026 1423 2104 Magnahatus

333 2137 416 2194 esset
438 2137 530 2209 atque
555 2133 635 2192 haud
656 2132 798 2208 ambigue
823 2131 945 2192 Graecos
967 2132 1235 2192 vehementissime
1258 2131 1424 2190 admirare-

331 2243 390 2312 tur,
424 2237 611 2312 antiquiores
641 2241 741 2296 autem
769 2239 869 2313 poetae
898 2236 999 2296 Latini
1024 2237 1121 2295 torma
1144 2236 1241 2312 magis
1265 2235 1330 2294 rudi
1355 2251 1421 2293 eum

332 2343 537 2414 offenderent,
561 2340 591 2401 id
622 2342 703 2417 qnod
727 2341 917 2417 apertissime
941 2341 971 2399 in
995 2341 1126 2416 epistola
1149 2341 1187 2400 de
1209 2343 1276 2399 arte
1299 2337 1447 2414 poetica,

333 2445 448 2521 scripta
471 2444 604 2504 ostendit
618 2442 655 2522 ²).

418 2549 535 2623 Quibus
569 2550 669 2610 causis
703 2549 824 2625 impulsi
859 2565 970 2619 snmus,
1005 2551 1038 2607 ut
1069 2549 1100 2611 in
1134 2545 1311 2624 quaerendo,
1348 2545 1419 2620 quid

333 2653 414 2727 apud
436 2649 610 2722 Horatium,
635 2654 757 2726 poetam
781 2650 1026 2726 frequentissime
1055 2651 1179 2726 lectum,
1202 2667 1220 2706 a
1243 2663 1324 2705 more
1348 2663 1419 2705 oon-

334 2753 557 2828 suetudineque
580 2753 724 2828 loquendi
748 2753 928 2829 optimorum
952 2753 1132 2827 scriptorum
1155 2749 1300 2811 orationis
1317 2749 1424 2808 solutae

334 2857 479 2928 differret,
515 2855 651 2914 laborem
688 2873 942 2916 consumeremus.
990 2854 1050 2916 Sed
1074 2857 1104 2912 et
1126 2855 1284 2914 infirmitas
1310 2853 1423 2930 ingenii

335 2963 366 3018 et
388 2959 536 3035 augustine
560 2958 706 3034 temporis
730 2957 963 3032 impediverunt,
989 2976 1027 3017 ne
1050 2957 1080 3016 in
1105 2962 1170 3017 tota
1193 2956 1314 3034 syntaxi
1327 2956 1422 3014 Hora·

332 3063 416 3122 tiana
449 3080 651 3121 versaremur.
697 3061 807 3135 Quare,
842 3079 932 3138 quum
959 3066 1029 3122 ante
1052 3079 1167 3139 paucos
1193 3077 1290 3120 annos
1314 3058 1425 3118 eximia

334 3167 499 3244 disputatio
524 3167 561 3225 ns
585 3183 641 3226 usu
664 3167 749 3227 verer
772 3166 849 3226 snio
872 3168 1039 3227 Horatiano
1066 3165 1220 3240 corrasit,
1244 3164 1423 3224 infinitivum
1508 3146 1513 3162 '

333 3272 372 3331 ab
397 3270 505 3329 eodem
529 3273 706 3345 usurpatum
739 3269 859 3345 plenius
892 3270 1082 3344 perscribere
1117 3268 1221 3329 conari
1255 3267 1425 3327 statuimus.

331 3373 432 3449 Atque
455 3372 487 3431 in
510 3388 547 3430 ea
569 3389 622 3444 re,
647 3389 736 3446 quam
772 3371 860 3430 nobis
892 3372 1118 3447 proposuimus,
1148 3371 1291 3448 optimum
1327 3369 1425 3428 visum

333 3481 379 3537 est
405 3475 545 3550 exempla
569 3474 709 3546 collecta,
733 3478 765 3533 ut
788 3473 868 3548 apud
891 3474 1004 3549 probos
1031 3479 1171 3535 auctores
1202 3473 1269 3532 aliae
1303 3471 1424 3530 confor-

332 3578 481 3638 mationes
502 3578 662 3636 verborum
687 3576 837 3635 infinitivo
862 3577 1056 3652 respondent,
1082 3577 1124 3634 ita
1148 3577 1319 3651 disponere.
1350 3571 1422 3635 hidi-

333 3681 445 3740 tionem
469 3684 570 3740 autem
593 3697 611 3737 a
635 3677 667 3738 O.
683 3679 730 3738 W.
743 3678 882 3739 Nauckio
907 3680 938 3736 et
960 3696 979 3737 a
1002 3678 1036 3739 G.
1051 3677 1088 3737 T.
1104 3677 1138 3736 A.
1153 3679 1313 3754 Krnegero
1337 3671 1422 3736 annis

334 3780 600 3844 MDOGOLXVIII
623 3784 654 3841 et
676 3781 910 3842 MDOOOLXIX
932 3783 1070 3856 paratam
1095 3781 1191 3840 sec-uti
1214 3797 1325 3851 sumus,
1340 3777 1425 3854 cujus

333 3887 481 3947 lectiones
504 3904 625 3963 semper
647 3885 711 3945 iere
735 3885 939 3964 probavimus.

333 4013 530 4027 *—

404 4076 431 4134 1)
450 4075 609 4140 Bernhardy
626 4091 687 4139 pag.
709 4075 770 4124 459.

404 4158 431 4225 2)
451 4161 498 4210 Otr
525 4164 657 4224 Broman,
688 4161 827 4212 Haudbok
853 4160 863 4209 i
891 4161 1040 4210 Homereka
1068 4158 1270 4207 Litteraturens
1297 4157 1426 4220 historia,

334 4252 438 4318 Upsala
460 4251 534 4311 1855,
554 4265 616 4312 pag.
637 4253 678 4312 38,
698 4253 739 4300 40.
