3222 5044
383 466 403 528 4

425 625 459 710 b)
482 628 550 686 Vim
573 628 689 705 ingenii
712 630 751 689 ed
780 626 898 704 aliquid
933 628 1085 702 egendum
1121 628 1186 705 epti
1219 629 1308 705 plura
1342 629 1436 688 verbe

344 749 434 810 quam
456 732 487 792 in
511 732 648 792 cretione
678 734 778 793 solute
808 732 980 804 continent,
1010 731 1090 792 inter
1113 750 1179 808 quae
1203 733 1297 792 verbo
1320 729 1438 793 sciendi

342 836 543 914 respondent:
579 833 696 912 callere,
730 835 849 897 novisse
866 831 909 913 ¹);
944 836 1038 895 verbo
1065 832 1224 896 nesciendi
1247 835 1384 914 ignorare
1397 831 1434 910 ²).

429 936 485 998 Od.
509 935 538 996 4:
565 933 594 1008 9,
617 933 659 996 49
683 936 725 996 uti
750 933 852 1010 callet,
876 933 1081 1014 peti-Set.
1106 931 1135 996 2:
1161 933 1191 1008 3,
1209 933 1249 996 25
1274 935 1435 996 mercarier

343 1057 467 1104 uorum.
493 1071 532 1082 -
557 1036 592 1098 A.
606 1038 640 1098 Ρ.
664 1034 705 1097 87
729 1038 899 1114 descriptas
921 1055 1043 1098 serverc
1068 1036 1151 1097 vices
1174 1057 1360 1115 operumque
1385 1056 1435 1099 eo·

342 1145 423 1202 lores
446 1159 499 1200 eur
522 1157 580 1218 ego
603 1139 629 1200 si
652 1157 772 1216 nequeo
795 1139 965 1220 ignoroque
989 1145 1082 1215 poete
1104 1141 1239 1200 solutor?

428 1275 612 1340 Annotutr'o.
658 1277 725 1338 Uno
760 1278 827 1338 loco
866 1279 1009 1337 Horatius
1039 1278 1162 1337 verbum
1192 1277 1334 1356 habendi,
1354 1278 1435 1338 idem

343 1383 503 1444 declarans
537 1383 618 1457 quod
652 1381 740 1453 scire,
777 1398 844 1440 cum
878 1380 929 1442 inl.
959 1381 1064 1440 societ.

427 1484 523 1560 Epod.
550 1479 600 1555 16,
618 1479 658 1542 23
682 1501 720 1543 en
746 1483 853 1544 melius
877 1483 944 1559 quis
965 1481 1056 1546 habet
1076 1485 1227 1544 suadere?

428 1589 509 1650 Illud
532 1588 670 1659 verbum,
696 1587 716 1647 i.
742 1605 770 1663 q.
795 1606 884 1664 posse
906 1589 956 1648 vel
980 1589 1058 1648 scire
1082 1587 1267 1665 significans,
1283 1587 1437 1647 nonnullis

344 1692 420 1752 locis
443 1709 461 1750 a
484 1691 631 1751 Cicerone
656 1706 721 1749 cum
745 1689 810 1760 inf,
845 1690 997 1766 praeeipue
1031 1687 1132 1752 dicere
1154 1688 1269 1771 (velut:
1299 1690 1370 1749 Nat.
1396 1689 1434 1748 D·

343 1792 372 1854 3:
398 1791 448 1865 39,
463 1773 514 1856 93,
537 1795 596 1852 Pro
620 1795 709 1853 Rosc.
723 1792 791 1852 Am.
816 1789 867 1866 35,
885 1791 971 1870 100),
996 1795 1087 1854 etiarn
1110 1791 1253 1866 scribere,
1269 1789 1432 1870 pollicem

344 1899 398 1958 sed
422 1897 532 1973 saepius
554 1913 720 1972 pronomen
744 1895 903 1954 relativum
925 1895 981 1976 qui
1003 1915 1069 1957 curn
1093 1895 1284 1974 conjunctivo
1307 1895 1433 1974 subjici-

344 1997 442 2082 tnr3),
465 2003 498 2060 ut
521 1998 613 2060 etiem
636 1999 709 2059 Hor.
732 1999 795 2059 Sat.
822 1998 851 2059 l:
877 1995 907 2072 9,
933 1997 982 2060 19.

429 2135 462 2219 c)
485 2137 526 2196 Ut
547 2135 625 2200 celle
647 2138 728 2214 apud
751 2135 909 2198 Horatium
940 2137 1028 2198 simul
1052 2155 1118 2197 oum
1139 2136 1287 2196 infinitivo
1311 2153 1434 2196 versen-

345 2247 406 2303 tur:
442 2256 552 2319 nrnere,
587 2239 701 2320 dignari
736 2239 806 2323 (etr.
832 2242 1004 2301 Graecorum
1036 2238 1149 2322 φιλεῖν
1183 2243 1214 2299 et
1247 2231 1433 2321 α’ξιοῦν)4);

344 2344 454 2404 deiude
489 2343 642 2420 passivum
677 2342 819 2406 delectari
853 2349 884 2403 et
914 2345 1009 2404 verba
1041 2339 1194 2422 flagitandi
1223 2346 1254 2401 et
1277 2340 1435 2438 probandi,

344 2464 469 2522 quornm
503 2446 577 2507 illud
608 2445 639 2506 in
666 2462 758 2522 prose
786 2447 923 2506 oratione
945 2449 1041 2523 probe
1064 2452 1095 2506 et
1117 2449 1237 2505 vetuste
1260 2444 1450 2520 conjunctio,

341 2551 376 2610 tet
399 2566 465 2608 eum
490 2548 682 2624 conjunctivo
705 2547 892 2626 seqnitur5).

430 2651 486 2713 Ori.
512 2652 541 2710 l:
556 2649 585 2724 2,
600 2647 641 2712 50
664 2668 750 2712 ames
774 2651 833 2713 dici
856 2656 947 2729 puter
969 2655 1062 2727 atque
1085 2647 1379 2728 princeps-223,
1395 2649 1434 2713 10

249 2753 251 2760 ’
343 2755 433 2832 pinus
456 2755 586 2829 albaque
608 2753 739 2831 populus
761 2755 939 2816 consociare
956 2757 1075 2816 amant.
1099 2789 1141 2800 —
1164 2750 1193 2814 3:
1219 2752 1249 2828 9,
1274 2751 1315 2814 24
1337 2760 1434 2814 tecum

343 2857 446 2916 vivere
481 2873 591 2917 amem.
614 2890 654 2900 -
680 2852 900 2948 1691111111
928 2855 972 2917 ire
1001 2859 1088 2920 amat
1110 2862 1141 2917 et
1162 2873 1368 2934 perrumpere.
1393 2890 1433 2900 —

342 2961 440 3037 llpod.
465 2957 494 3034 8,
520 2959 559 3020 16
582 2959 677 3020 libelli
697 2959 804 3036 jacere
828 2961 1087 3024 annunti-Set.
1113 2960 1141 3022 1:
1166 2958 1197 3032 4,
1222 2957 1263 3020 67
1283 2977 1300 3020 e
1324 2960 1435 3036 quibus

343 3083 420 3126 unus
442 3065 524 3126 umet
545 3055 720 3142 respergere.
738 3064 843 3140 -10,
867 3065 908 3128 60
930 3067 1012 3128 umet
1034 3065 1204 3142 scripsisse.
1218 3099 1260 3109 —
1284 3062 1313 3124 22
1338 3061 1368 3138 3,
1393 3061 1434 3124 20

344 3185 479 3245 qnaerere
503 3165 658 3231 amabunt.
672 3165 712 3213 -'
726 3167 758 3244 5,
786 3169 825 3232 96
849 3173 937 3234 omot
959 3169 1087 3230 laudari.
1101 3205 1143 3214 —
1160 3170 1258 3246 Epist.
1284 3168 1311 3230 l:
1337 3166 1387 3241 14,
1413 3165 1432 3228 9

343 3275 430 3336 amat
452 3289 602 3349 rumpere.
616 3273 699 3333 -Α,
709 3273 815 3336 Ρ.197
828 3277 883 3336 ille
896 3270 1040 3354 (chorus)
1052 3276 1134 3338 amet
1145 3292 1257 3351 pecare
1269 3276 1431 3335 tumentes.

412 3513 439 3576 1)
458 3511 626 3562 infinitivum
644 3515 686 3565 his
705 3512 796 3566 verbis
815 3529 871 3566 nou
883 3515 984 3579 subjici
996 3513 1051 3564 uisi
1064 3514 1137 3578 apud
1150 3515 1250 3578 politas
1264 3519 1292 3565 et
1306 3520 1432 3577 euetpres

343 3605 479 3665 argenteae
508 3602 607 3663 aetetis,
635 3603 733 3654 Merite
762 3605 879 3668 Seyffert
906 3605 1030 3654 ostendit
1052 3604 1081 3653 in
1099 3603 1232 3654 Pelaestra
1251 3605 1433 3656 (lieeroniene

342 3690 468 3753 (Leipzig
489 3691 563 3752 1865,
583 3691 682 3740 suune
701 3691 833 3758 Aufiege),
853 3707 916 3756 peg.
936 3693 977 3744 70.

410 3780 438 3842 2)
458 3779 526 3851 Vide
545 3779 725 3830 Wtrterbuch
743 3796 776 3830 uu
795 3782 848 3830 den
868 3781 1020 3832 Gedichten
1039 3782 1087 3832 des
1107 3781 1137 3840 Q.
1155 3782 1287 3832 Horatius
1306 3781 1430 3848 Flaccus,

339 3868 496 3918 beerbeitet
513 3882 565 3917 von
586 3867 616 3918 G,
637 3869 667 3918 A.
686 3870 772 3931 Koch,
790 3870 938 3920 Hennover
958 3872 1033 3932 1863,
1053 3886 1114 3934 peg.
1135 3872 1193 3920 203.

410 3953 437 4022 3)
454 3955 612 4006 Fordinend
631 3956 748 4018 Schultz,
776 3958 1156 4035 Leteiniseheflpreehlehre,
1175 3957 1275 4008 Fiinfte
1295 3956 1429 4019 Ausgebe,

340 4041 499 4092 Pederborn
519 4039 586 4092 1862
606 4041 620 4108 6
640 4035 690 4093 414
709 4046 785 4094 Anm.
805 4047 829 4095 2.

407 4130 435 4192 4)
455 4129 601 4180 Gumaelius
619 4129 762 4197 (Psoron),
780 4133 1049 4184 creuisse-evenere
1074 4132 1208 4193 Lexieon,
1228 4114 1331 4180 (lrebro
1351 4127 1428 4181 1841.

341 4219 375 4268 Η.
395 4217 430 4267 M.
449 4217 542 4283 Melin,
561 4219 691 4268 Grekiskt
708 4220 910 4284 Hendlexilron,
929 4223 1009 4271 Lund
1029 4218 1104 4271 1845.

409 4302 437 4375 5)
455 4304 565 4354 Schultz
584 4321 646 4370 pag.
666 4309 726 4358 516.
