3222 5044
557 1313 815 1408 Prooemium.

228 1644 372 1704 Horatius
398 1644 567 1720 posteriore
592 1648 677 1722 parte
712 1662 811 1705 aureae
838 1644 936 1704 aetatis
959 1643 1061 1704 Latini
1083 1643 1232 1704 sermonis

142 1747 276 1823 vigebat.
323 1748 379 1810 Oui
401 1749 507 1810 seculo
531 1747 589 1810 hoo
612 1767 721 1810 nomen
745 1749 859 1826 optimo
881 1747 951 1824 jure
975 1747 1147 1824 impositum
1172 1752 1233 1821 est;

142 1869 211 1910 mam
246 1853 342 1911 oratio
375 1856 405 1911 et
439 1853 538 1921 soluta
560 1856 590 1912 ot
613 1852 738 1912 astricta
762 1853 800 1912 ad
824 1851 1044 1912 absolutionem
1068 1849 1231 1926 perfectio·

143 1972 272 2030 nemque
295 1957 358 2013 tum
381 1958 593 2029 pervenerunt.
618 1953 675 2014 Illa
699 1954 819 2030 quidem
843 1956 940 2015 oratio
963 1953 1120 2030 superiore
1145 1956 1232 2030 parte

142 2057 233 2132 hujus
265 2057 456 2131 tempestatis
491 2058 619 2118 maxime
642 2074 698 2132 per
725 2057 901 2117 Ciceronem
925 2056 1057 2130 exculta,
1081 2055 1233 2133 perpolita

144 2159 295 2234 certisque
331 2161 510 2234 quibusdam
544 2160 665 2236 legibus
698 2163 869 2235 temperata
903 2167 983 2232 erat;
1019 2163 1111 2236 atque
1140 2160 1232 2218 etiam

143 2261 203 2319 alia
230 2278 344 2336 genera
373 2267 484 2339 praeter
511 2263 659 2323 rationem
683 2262 804 2322 dicendi
828 2264 866 2322 ab
890 2262 1009 2322 eximiis
1033 2261 1232 2338 scriptoribus

141 2366 360 2425 tractabantur.
403 2365 585 2426 Ars'autom
615 2365 737 2442 pottioa
770 2369 857 2441 parte
891 2365 1059 2441 posteriore
1095 2364 1233 2438 demum,

142 2467 210 2528 dico
233 2473 370 2545 tempore
393 2469 540 2546 Augusti,
565 2471 604 2529 ad
628 2487 773 2529 summum
808 2473 954 2545 pervecta
981 2472 1028 2528 est
1042 2466 1078 2544 ¹).
1123 2469 1232 2544 Neque

142 2575 243 2632 tamen
283 2578 382 2649 pottoe
417 2575 499 2634 illius
535 2575 579 2633 ita
617 2575 710 2633 multo
744 2578 814 2650 post
847 2573 1077 2634 Ciceronianam
1112 2576 1233 2631 oetatem

142 2677 239 2748 erant,
263 2680 306 2751 ut,
321 2693 373 2736 eos
397 2678 436 2736 ad
459 2677 603 2754 optimam
627 2695 747 2753 prosam
770 2677 936 2736 orationem
960 2693 992 2734 se
1016 2675 1232 2750 conformasse,

142 2793 202 2832 non
227 2783 464 2853 exspectandum
499 2785 589 2842 esset.
636 2780 697 2840 Sed
731 2798 780 2839 res
813 2781 905 2854 longe
938 2778 1029 2838 aliter
1062 2794 1094 2836 se
1129 2776 1231 2836 habet.

142 2877 251 2953 Neque
275 2878 354 2936 enim
390 2900 530 2958 umquam
565 2883 644 2941 inter
678 2883 808 2942 solutam
843 2879 1010 2939 orationem
1041 2882 1071 2938 et
1099 2880 1232 2940 carmina

144 2983 260 3038 tantum
296 2980 443 3058 interfuit,
478 2988 621 3059 quantum
656 3003 749 3044 aurea
777 2985 830 3044 illa
853 2986 942 3041 aetate
956 2979 991 3062 ²).
1037 2981 1102 3055 Quo
1126 2983 1234 3042 molius

143 3084 208 3143 haec
231 3102 280 3144 res
306 3084 505 3158 intelligatur,
530 3085 658 3160 primum
682 3086 908 3166 consideremus
940 3088 1065 3144 naturas
1088 3084 1234 3145 orationis

59 3207 61 3210 ·
141 3187 248 3246 solutae
277 3190 308 3246 et
336 3187 469 3247 astrictae
500 3187 579 3247 iuter
602 3205 636 3247 sc
659 3185 890 3246 diversissimas.
937 3185 1107 3262 Scriptores
1141 3189 1231 3260 enim,

145 3308 235 3366 quum
271 3291 454 3368 incorruptae
478 3293 626 3352 sermonis
649 3291 752 3352 Latini
774 3289 944 3367 integritati
967 3308 1090 3368 operam
1115 3293 1233 3367 darent,

143 3411 176 3451 se
199 3399 301 3455 tamen
324 3397 363 3455 ad
386 3398 512 3474 vulgare
536 3415 633 3472 genus
656 3396 778 3458 dicendi
801 3400 892 3472 atque
916 3397 956 3456 ad
985 3397 1234 3456 consuetudinem

144 3499 309 3558 communis
343 3505 450 3560 sensus
483 3500 713 3560 accommodare
747 3516 872 3558 necesse
903 3503 984 3571 erat3
1009 3503 1108 3574 potitae
1132 3504 1233 3560 autem

144 3615 205 3656 non
239 3599 333 3658 solum
368 3603 455 3661 metri
490 3620 596 3676 causa,
631 3601 686 3662 sod
720 3601 871 3677 praecipue
903 3600 1002 3660 studio
1027 3603 1141 3672 omnia,
1167 3619 1232 3677 quae

143 3700 327 3770 sentiebant,
362 3706 492 3765 maxima
515 3724 581 3765 cum
605 3704 645 3776 ri,
676 3702 839 3779 gravitate,
864 3704 1029 3779 elegantia,
1054 3705 1233 3780 exquisitius

142 3800 317 3878 proferendi
345 3804 441 3878 rapti,
469 3809 562 3866 multa
590 3807 649 3867 sibi
671 3807 872 3866 indulserunt.
919 3806 1015 3880 Quam
1040 3808 1078 3866 ad
1102 3825 1165 3866 rem
1189 3807 1233 3866 of-

142 3905 303 3964 ficiendum
333 3904 443 3964 deinde
473 3907 565 3966 etiam
589 3907 712 3968 Graecus
736 3925 834 3967 sermo
858 3907 1055 3967 vehementer
1077 3909 1233 3984 pertinuit.

214 4091 241 4153 1)
261 4091 429 4156 Bernhardy,
449 4093 596 4142 Grundriss
616 4095 664 4144 der
681 4095 845 4144 Rttmisohen
863 4094 1026 4159 Litteratur,
1058 4095 1138 4145 Halle
1158 4097 1233 4156 1850,

142 4193 205 4242 pag.
226 4181 272 4230 20:
293 4181 377 4230 «Eine
396 4182 595 4232 vollkommene
614 4182 743 4231 Methode
761 4182 895 4231 brachten
913 4182 943 4230 im
962 4182 1007 4231 die
1026 4183 1111 4232 Prosa
1130 4183 1234 4244 Cicero,

144 4267 174 4316 in
194 4269 238 4318 die
258 4270 400 4332 poetisohe
419 4271 500 4320 Formo
520 4275 610 4320 oneret
630 4271 674 4320 die
692 4271 805 4320 Dichter
823 4274 904 4320 umber·
921 4272 1084 4334 Augustus.»

212 4357 239 4420 2)
259 4359 417 4422 Bernhardy
435 4376 497 4424 pag.
518 4358 558 4409 28.
1121 4432 1133 4478 1
