<?xml version="1.0" encoding="UTF-8"?>
<!DOCTYPE html PUBLIC "-//W3C//DTD XHTML 1.0 Transitional//EN"
    "http://www.w3.org/TR/xhtml1/DTD/xhtml1-transitional.dtd">
<html xmlns="http://www.w3.org/1999/xhtml" xml:lang="en" lang="en">
 <head>
  <title>
</title>
<meta http-equiv="Content-Type" content="text/html;charset=utf-8" />
  <meta name='ocr-system' content='tesseract 3.04.00' />
  <meta name='ocr-capabilities' content='ocr_page ocr_carea ocr_par ocr_line ocrx_word'/>
</head>
<body>
  <div class='ocr_page' id='page_1' title='image "./deusuinfinitivi00indegoog_0042.png"; bbox 0 0 3222 5044; ppageno 0'>
   <div class='ocr_carea' id='block_1_1' title="bbox 1159 457 1199 522">
    <p class='ocr_par' dir='ltr' id='par_1_1' title="bbox 1159 457 1199 522">
     <span class='ocr_line' id='line_1_1' title="bbox 1159 457 1199 522; baseline 0 0"><span class='ocrx_word' id='word_1_1' title='bbox 1159 457 1199 522; x_wconf 88' lang='grc'><strong>35</strong></span> 
     </span>
    </p>
   </div>
   <div class='ocr_carea' id='block_1_2' title="bbox 149 615 1249 2235">
    <p class='ocr_par' dir='ltr' id='par_1_2' title="bbox 149 615 1249 2235">
     <span class='ocr_line' id='line_1_2' title="bbox 160 615 1247 698; baseline -0.014 -9"><span class='ocrx_word' id='word_1_2' title='bbox 160 625 293 698; x_wconf 89' lang='lat' dir='ltr'><strong>dicendi,</strong></span> <span class='ocrx_word' id='word_1_3' title='bbox 318 621 375 685; x_wconf 88' lang='lat' dir='ltr'><strong>etsi</strong></span> <span class='ocrx_word' id='word_1_4' title='bbox 396 639 456 682; x_wconf 90' lang='lat' dir='ltr'><strong>non</strong></span> <span class='ocrx_word' id='word_1_5' title='bbox 480 623 527 680; x_wconf 95' lang='lat' dir='ltr'><strong>est</strong></span> <span class='ocrx_word' id='word_1_6' title='bbox 549 619 669 680; x_wconf 90' lang='lat' dir='ltr'><strong>omnino</strong></span> <span class='ocrx_word' id='word_1_7' title='bbox 693 617 827 677; x_wconf 88' lang='lat' dir='ltr'><strong>alienum</strong></span> <span class='ocrx_word' id='word_1_8' title='bbox 851 615 890 677; x_wconf 82' lang='lat' dir='ltr'><strong>ab</strong></span> <span class='ocrx_word' id='word_1_9' title='bbox 913 615 1066 678; x_wconf 76' lang='lat' dir='ltr'><strong>Ciceronis</strong></span> <span class='ocrx_word' id='word_1_10' title='bbox 1081 616 1198 677; x_wconf 85' lang='lat' dir='ltr'><strong>ratione</strong></span> <span class='ocrx_word' id='word_1_11' title='bbox 1215 619 1247 676; x_wconf 89' lang='lat' dir='ltr'><strong>et</strong></span> 
     </span>
     <span class='ocr_line' id='line_1_3' title="bbox 149 719 1247 808; baseline -0.012 -17"><span class='ocrx_word' id='word_1_12' title='bbox 149 730 272 808; x_wconf 85' lang='lat' dir='ltr'><strong>vulgari</strong></span> <span class='ocrx_word' id='word_1_13' title='bbox 294 743 377 788; x_wconf 92' lang='lat' dir='ltr'><strong>more</strong></span> <span class='ocrx_word' id='word_1_14' title='bbox 412 722 567 798; x_wconf 78' lang='lat' dir='ltr'><strong>loquendi,</strong></span> <span class='ocrx_word' id='word_1_15' title='bbox 602 722 744 797; x_wconf 89' lang='lat' dir='ltr'><strong>quoniam</strong></span> <span class='ocrx_word' id='word_1_16' title='bbox 769 724 800 779; x_wconf 88' lang='lat' dir='ltr'><strong>et</strong></span> <span class='ocrx_word' id='word_1_17' title='bbox 824 719 854 778; x_wconf 91' lang='lat' dir='ltr'><strong>iu</strong></span> <span class='ocrx_word' id='word_1_18' title='bbox 878 720 999 794; x_wconf 86' lang='lat' dir='ltr'><strong>legibus</strong></span> <span class='ocrx_word' id='word_1_19' title='bbox 1022 719 1191 795; x_wconf 72' lang='lat' dir='ltr'><strong>edictisque</strong></span> <span class='ocrx_word' id='word_1_20' title='bbox 1215 724 1247 780; x_wconf 90' lang='lat' dir='ltr'><strong>et</strong></span> 
     </span>
     <span class='ocr_line' id='line_1_4' title="bbox 151 821 1246 904; baseline -0.008 -12"><span class='ocrx_word' id='word_1_21' title='bbox 151 832 301 892; x_wconf 87' lang='lat' dir='ltr'><strong>interdum</strong></span> <span class='ocrx_word' id='word_1_22' title='bbox 324 827 405 904; x_wconf 85' lang='lat' dir='ltr'><strong>opud</strong></span> <span class='ocrx_word' id='word_1_23' title='bbox 428 825 559 902; x_wconf 88' lang='lat' dir='ltr'><strong>optimos</strong></span> <span class='ocrx_word' id='word_1_24' title='bbox 585 825 759 901; x_wconf 79' lang='lat' dir='ltr'><strong>scriptores,</strong></span> <span class='ocrx_word' id='word_1_25' title='bbox 787 823 921 898; x_wconf 90' lang='lat' dir='ltr'><strong>itemque</strong></span> <span class='ocrx_word' id='word_1_26' title='bbox 938 821 1057 882; x_wconf 88' lang='lat' dir='ltr'><strong>Livium</strong></span> <span class='ocrx_word' id='word_1_27' title='bbox 1073 823 1117 882; x_wconf 91' lang='lat' dir='ltr'><strong>illi</strong></span> <span class='ocrx_word' id='word_1_28' title='bbox 1143 823 1246 883; x_wconf 80' lang='lat' dir='ltr'><strong>formae</strong></span> 
     </span>
     <span class='ocr_line' id='line_1_5' title="bbox 152 924 1245 1006; baseline -0.005 -14"><span class='ocrx_word' id='word_1_29' title='bbox 152 932 291 994; x_wconf 87' lang='lat' dir='ltr'><strong>infinitivi</strong></span> <span class='ocrx_word' id='word_1_30' title='bbox 315 929 460 1006; x_wconf 87' lang='lat' dir='ltr'><strong>adjuncta</strong></span> <span class='ocrx_word' id='word_1_31' title='bbox 482 925 560 989; x_wconf 81' lang='lat' dir='ltr'><strong>celle</strong></span> <span class='ocrx_word' id='word_1_32' title='bbox 594 927 723 1003; x_wconf 85' lang='lat' dir='ltr'><strong>aliaeque</strong></span> <span class='ocrx_word' id='word_1_33' title='bbox 758 924 928 986; x_wconf 88' lang='lat' dir='ltr'><strong>locutiones</strong></span> <span class='ocrx_word' id='word_1_34' title='bbox 959 927 1129 998; x_wconf 84' lang='lat' dir='ltr'><strong>versentur,</strong></span> <span class='ocrx_word' id='word_1_35' title='bbox 1152 927 1245 986; x_wconf 85' lang='lat' dir='ltr'><strong>multo</strong></span> 
     </span>
     <span class='ocr_line' id='line_1_6' title="bbox 156 1028 1245 1112; baseline -0.006 -18"><span class='ocrx_word' id='word_1_36' title='bbox 156 1039 258 1112; x_wconf 84' lang='lat' dir='ltr'><strong>tamen</strong></span> <span class='ocrx_word' id='word_1_37' title='bbox 275 1031 412 1095; x_wconf 89' lang='lat' dir='ltr'><strong>crebrius</strong></span> <span class='ocrx_word' id='word_1_38' title='bbox 427 1029 507 1106; x_wconf 88' lang='lat' dir='ltr'><strong>apud</strong></span> <span class='ocrx_word' id='word_1_39' title='bbox 525 1033 635 1105; x_wconf 78' lang='lat' dir='ltr'><strong>poetas</strong></span> <span class='ocrx_word' id='word_1_40' title='bbox 650 1028 898 1102; x_wconf 74' lang='lat' dir='ltr'><strong>recentioresque</strong></span> <span class='ocrx_word' id='word_1_41' title='bbox 921 1030 1062 1088; x_wconf 76' lang='lat' dir='ltr'><strong>auctores</strong></span> <span class='ocrx_word' id='word_1_42' title='bbox 1085 1028 1245 1104; x_wconf 89' lang='lat' dir='ltr'><strong>reperitur.</strong></span> 
     </span>
     <span class='ocr_line' id='line_1_7' title="bbox 153 1127 1245 1213; baseline -0.008 -15"><span class='ocrx_word' id='word_1_43' title='bbox 153 1138 340 1213; x_wconf 78' lang='lat' dir='ltr'><strong>Quamquam</strong></span> <span class='ocrx_word' id='word_1_44' title='bbox 365 1132 500 1194; x_wconf 89' lang='lat' dir='ltr'><strong>nonnulli</strong></span> <span class='ocrx_word' id='word_1_45' title='bbox 532 1131 647 1204; x_wconf 89' lang='lat' dir='ltr'><strong>dicunt,</strong></span> <span class='ocrx_word' id='word_1_46' title='bbox 683 1131 821 1208; x_wconf 79' lang='lat' dir='ltr'><strong>perlecto</strong></span> <span class='ocrx_word' id='word_1_47' title='bbox 845 1127 987 1188; x_wconf 87' lang='lat' dir='ltr'><strong>infinitivi</strong></span> <span class='ocrx_word' id='word_1_48' title='bbox 1009 1146 1073 1189; x_wconf 90' lang='lat' dir='ltr'><strong>rem</strong></span> <span class='ocrx_word' id='word_1_49' title='bbox 1096 1130 1136 1189; x_wconf 91' lang='lat' dir='ltr'><strong>ad</strong></span> <span class='ocrx_word' id='word_1_50' title='bbox 1158 1132 1245 1190; x_wconf 87' lang='lat' dir='ltr'><strong>tinem</strong></span> 
     </span>
     <span class='ocr_line' id='line_1_8' title="bbox 156 1231 1245 1318; baseline -0.01 -16"><span class='ocrx_word' id='word_1_51' title='bbox 156 1241 334 1318; x_wconf 79' lang='lat' dir='ltr'><strong>perductam</strong></span> <span class='ocrx_word' id='word_1_52' title='bbox 364 1239 396 1296; x_wconf 86' lang='lat' dir='ltr'><strong>et</strong></span> <span class='ocrx_word' id='word_1_53' title='bbox 418 1234 547 1310; x_wconf 83' lang='lat' dir='ltr'><strong>quedam</strong></span> <span class='ocrx_word' id='word_1_54' title='bbox 581 1232 739 1293; x_wconf 87' lang='lat' dir='ltr'><strong>celeritate</strong></span> <span class='ocrx_word' id='word_1_55' title='bbox 773 1231 897 1304; x_wconf 85' lang='lat' dir='ltr'><strong>tactam,</strong></span> <span class='ocrx_word' id='word_1_56' title='bbox 932 1231 1074 1307; x_wconf 76' lang='lat' dir='ltr'><strong>praesenti</strong></span> <span class='ocrx_word' id='word_1_57' title='bbox 1110 1235 1245 1308; x_wconf 90' lang='lat' dir='ltr'><strong>tempore</strong></span> 
     </span>
     <span class='ocr_line' id='line_1_9' title="bbox 152 1330 1245 1417; baseline -0.008 -15"><span class='ocrx_word' id='word_1_58' title='bbox 152 1359 215 1402; x_wconf 89' lang='lat' dir='ltr'><strong>rem</strong></span> <span class='ocrx_word' id='word_1_59' title='bbox 239 1343 466 1417; x_wconf 77' lang='lat' dir='ltr'><strong>permanentem</strong></span> <span class='ocrx_word' id='word_1_60' title='bbox 489 1335 588 1411; x_wconf 84' lang='lat' dir='ltr'><strong>magis</strong></span> <span class='ocrx_word' id='word_1_61' title='bbox 611 1335 795 1412; x_wconf 82' lang='lat' dir='ltr'><strong>signifiaceri</strong></span> <span class='ocrx_word' id='word_1_62' title='bbox 806 1330 844 1415; x_wconf 89' lang='lat'><strong>¹),</strong></span> <span class='ocrx_word' id='word_1_63' title='bbox 879 1339 981 1392; x_wconf 86' lang='lat' dir='ltr'><strong>tamen</strong></span> <span class='ocrx_word' id='word_1_64' title='bbox 1004 1333 1085 1410; x_wconf 82' lang='lat' dir='ltr'><strong>apud</strong></span> <span class='ocrx_word' id='word_1_65' title='bbox 1109 1333 1178 1397; x_wconf 90' lang='lat' dir='ltr'><strong>illas</strong></span> <span class='ocrx_word' id='word_1_66' title='bbox 1201 1336 1245 1394; x_wconf 92' lang='lat' dir='ltr'><strong>lo-</strong></span> 
     </span>
     <span class='ocr_line' id='line_1_10' title="bbox 153 1437 1245 1512; baseline -0.007 -8"><span class='ocrx_word' id='word_1_67' title='bbox 153 1443 291 1504; x_wconf 90' lang='lat' dir='ltr'><strong>cutiones</strong></span> <span class='ocrx_word' id='word_1_68' title='bbox 314 1439 473 1501; x_wconf 88' lang='lat' dir='ltr'><strong>sententiae</strong></span> <span class='ocrx_word' id='word_1_69' title='bbox 497 1438 577 1498; x_wconf 88' lang='lat' dir='ltr'><strong>haud</strong></span> <span class='ocrx_word' id='word_1_70' title='bbox 601 1439 725 1497; x_wconf 89' lang='lat' dir='ltr'><strong>multum</strong></span> <span class='ocrx_word' id='word_1_71' title='bbox 748 1438 886 1508; x_wconf 88' lang='lat' dir='ltr'><strong>interest,</strong></span> <span class='ocrx_word' id='word_1_72' title='bbox 916 1440 1014 1496; x_wconf 91' lang='lat' dir='ltr'><strong>utrum</strong></span> <span class='ocrx_word' id='word_1_73' title='bbox 1038 1441 1158 1512; x_wconf 87' lang='lat' dir='ltr'><strong>tempus</strong></span> <span class='ocrx_word' id='word_1_74' title='bbox 1180 1437 1245 1496; x_wconf 89' lang='lat' dir='ltr'><strong>inli-</strong></span> 
     </span>
     <span class='ocr_line' id='line_1_11' title="bbox 156 1539 1246 1618; baseline -0.006 -13"><span class='ocrx_word' id='word_1_75' title='bbox 156 1544 245 1605; x_wconf 89' lang='lat' dir='ltr'><strong>nitivi</strong></span> <span class='ocrx_word' id='word_1_76' title='bbox 269 1549 415 1604; x_wconf 87' lang='lat' dir='ltr'><strong>versetur.</strong></span> <span class='ocrx_word' id='word_1_77' title='bbox 440 1541 531 1618; x_wconf 83' lang='lat' dir='ltr'><strong>Apud</strong></span> <span class='ocrx_word' id='word_1_78' title='bbox 554 1539 709 1599; x_wconf 84' lang='lat' dir='ltr'><strong>Horatium</strong></span> <span class='ocrx_word' id='word_1_79' title='bbox 733 1539 777 1599; x_wconf 88' lang='lat' dir='ltr'><strong>sic</strong></span> <span class='ocrx_word' id='word_1_80' title='bbox 800 1540 951 1598; x_wconf 88' lang='lat' dir='ltr'><strong>interdum</strong></span> <span class='ocrx_word' id='word_1_81' title='bbox 973 1556 1108 1616; x_wconf 70' lang='lat' dir='ltr'><strong>presens</strong></span> <span class='ocrx_word' id='word_1_82' title='bbox 1131 1542 1161 1598; x_wconf 94' lang='lat' dir='ltr'><strong>et</strong></span> <span class='ocrx_word' id='word_1_83' title='bbox 1176 1556 1246 1615; x_wconf 89' lang='lat' dir='ltr'><strong>per·</strong></span> 
     </span>
     <span class='ocr_line' id='line_1_12' title="bbox 157 1641 1246 1718; baseline -0.006 -10"><span class='ocrx_word' id='word_1_84' title='bbox 157 1649 270 1708; x_wconf 85' lang='lat' dir='ltr'><strong>lectum</strong></span> <span class='ocrx_word' id='word_1_85' title='bbox 292 1646 432 1706; x_wconf 87' lang='lat' dir='ltr'><strong>infinitivi</strong></span> <span class='ocrx_word' id='word_1_86' title='bbox 456 1641 720 1718; x_wconf 87' lang='lat' dir='ltr'><strong>conjunctionibus</strong></span> <span class='ocrx_word' id='word_1_87' title='bbox 743 1641 933 1718; x_wconf 86' lang='lat' dir='ltr'><strong>copulantur,</strong></span> <span class='ocrx_word' id='word_1_88' title='bbox 959 1644 1052 1717; x_wconf 89' lang='lat' dir='ltr'><strong>atque</strong></span> <span class='ocrx_word' id='word_1_89' title='bbox 1070 1641 1148 1700; x_wconf 85' lang='lat' dir='ltr'><strong>adeo</strong></span> <span class='ocrx_word' id='word_1_90' title='bbox 1164 1659 1246 1718; x_wconf 88' lang='lat' dir='ltr'><strong>saepe</strong></span> 
     </span>
     <span class='ocr_line' id='line_1_13' title="bbox 155 1742 1246 1830; baseline -0.005 -19"><span class='ocrx_word' id='word_1_91' title='bbox 155 1755 252 1830; x_wconf 73' lang='lat' dir='ltr'><strong>politae</strong></span> <span class='ocrx_word' id='word_1_92' title='bbox 276 1751 359 1810; x_wconf 88' lang='lat' dir='ltr'><strong>nulla</strong></span> <span class='ocrx_word' id='word_1_93' title='bbox 383 1749 420 1809; x_wconf 91' lang='lat' dir='ltr'><strong>de</strong></span> <span class='ocrx_word' id='word_1_94' title='bbox 444 1746 506 1806; x_wconf 80' lang='lat' dir='ltr'><strong>alia</strong></span> <span class='ocrx_word' id='word_1_95' title='bbox 529 1761 621 1805; x_wconf 83' lang='lat' dir='ltr'><strong>eausa</strong></span> <span class='ocrx_word' id='word_1_96' title='bbox 642 1743 781 1820; x_wconf 83' lang='lat' dir='ltr'><strong>perfecto</strong></span> <span class='ocrx_word' id='word_1_97' title='bbox 804 1742 944 1802; x_wconf 85' lang='lat' dir='ltr'><strong>infinitivi</strong></span> <span class='ocrx_word' id='word_1_98' title='bbox 968 1747 1101 1816; x_wconf 88' lang='lat' dir='ltr'><strong>utuntur,</strong></span> <span class='ocrx_word' id='word_1_99' title='bbox 1131 1745 1189 1804; x_wconf 89' lang='lat' dir='ltr'><strong>nisi</strong></span> <span class='ocrx_word' id='word_1_100' title='bbox 1213 1750 1246 1806; x_wconf 91' lang='lat' dir='ltr'><strong>ut</strong></span> 
     </span>
     <span class='ocr_line' id='line_1_14' title="bbox 153 1845 1244 1931; baseline -0.005 -18"><span class='ocrx_word' id='word_1_101' title='bbox 153 1856 276 1931; x_wconf 90' lang='lat' dir='ltr'><strong>plenum</strong></span> <span class='ocrx_word' id='word_1_102' title='bbox 300 1855 428 1912; x_wconf 91' lang='lat' dir='ltr'><strong>metrum</strong></span> <span class='ocrx_word' id='word_1_103' title='bbox 452 1847 591 1907; x_wconf 80' lang='lat' dir='ltr'><strong>forment.</strong></span> <span class='ocrx_word' id='word_1_104' title='bbox 636 1845 692 1904; x_wconf 87' lang='lat' dir='ltr'><strong>ille</strong></span> <span class='ocrx_word' id='word_1_105' title='bbox 722 1845 767 1906; x_wconf 88' lang='lat' dir='ltr'><strong>sic</strong></span> <span class='ocrx_word' id='word_1_106' title='bbox 789 1845 847 1905; x_wconf 88' lang='lat' dir='ltr'><strong>hoo</strong></span> <span class='ocrx_word' id='word_1_107' title='bbox 871 1845 989 1921; x_wconf 90' lang='lat' dir='ltr'><strong>tempus</strong></span> <span class='ocrx_word' id='word_1_108' title='bbox 1012 1847 1051 1906; x_wconf 84' lang='lat' dir='ltr'><strong>ad</strong></span> <span class='ocrx_word' id='word_1_109' title='bbox 1073 1847 1168 1907; x_wconf 82' lang='lat' dir='ltr'><strong>verbe</strong></span> <span class='ocrx_word' id='word_1_110' title='bbox 1190 1867 1244 1909; x_wconf 86' lang='lat' dir='ltr'><strong>vo·</strong></span> 
     </span>
     <span class='ocr_line' id='line_1_15' title="bbox 156 1947 1248 2027; baseline -0.005 -12"><span class='ocrx_word' id='word_1_111' title='bbox 156 1957 291 2023; x_wconf 88' lang='lat' dir='ltr'><strong>luntatis,</strong></span> <span class='ocrx_word' id='word_1_112' title='bbox 316 1952 419 2024; x_wconf 89' lang='lat' dir='ltr'><strong>studii,</strong></span> <span class='ocrx_word' id='word_1_113' title='bbox 444 1949 611 2026; x_wconf 80' lang='lat' dir='ltr'><strong>cogitandi,</strong></span> <span class='ocrx_word' id='word_1_114' title='bbox 634 1947 784 2024; x_wconf 81' lang='lat' dir='ltr'><strong>fugiendi,</strong></span> <span class='ocrx_word' id='word_1_115' title='bbox 822 1947 965 2021; x_wconf 82' lang='lat' dir='ltr'><strong>timendi3</strong></span> <span class='ocrx_word' id='word_1_116' title='bbox 990 1967 1049 2008; x_wconf 92' lang='lat' dir='ltr'><strong>uno</strong></span> <span class='ocrx_word' id='word_1_117' title='bbox 1071 1951 1139 2010; x_wconf 88' lang='lat' dir='ltr'><strong>ioco</strong></span> <span class='ocrx_word' id='word_1_118' title='bbox 1162 1951 1248 2027; x_wconf 88' lang='lat' dir='ltr'><strong>adje-</strong></span> 
     </span>
     <span class='ocr_line' id='line_1_16' title="bbox 156 2050 1249 2129; baseline -0.007 -11"><span class='ocrx_word' id='word_1_119' title='bbox 156 2060 236 2118; x_wconf 84' lang='lat' dir='ltr'><strong>ctivo</strong></span> <span class='ocrx_word' id='word_1_120' title='bbox 260 2055 346 2116; x_wconf 89' lang='lat' dir='ltr'><strong>addit</strong></span> <span class='ocrx_word' id='word_1_121' title='bbox 354 2079 362 2128; x_wconf 91' lang='lat'>;</span> <span class='ocrx_word' id='word_1_122' title='bbox 382 2054 473 2113; x_wconf 83' lang='lat' dir='ltr'><strong>etism</strong></span> <span class='ocrx_word' id='word_1_123' title='bbox 498 2070 552 2129; x_wconf 90' lang='lat' dir='ltr'><strong>pro</strong></span> <span class='ocrx_word' id='word_1_124' title='bbox 576 2051 714 2127; x_wconf 88' lang='lat' dir='ltr'><strong>subjecto</strong></span> <span class='ocrx_word' id='word_1_125' title='bbox 738 2050 923 2110; x_wconf 85' lang='lat' dir='ltr'><strong>locutionum</strong></span> <span class='ocrx_word' id='word_1_126' title='bbox 946 2050 1193 2126; x_wconf 88' lang='lat' dir='ltr'><strong>impersonalium</strong></span> <span class='ocrx_word' id='word_1_127' title='bbox 1217 2056 1249 2111; x_wconf 90' lang='lat' dir='ltr'><strong>et</strong></span> 
     </span>
     <span class='ocr_line' id='line_1_17' title="bbox 157 2153 922 2235; baseline -0.013 -14"><span class='ocrx_word' id='word_1_128' title='bbox 157 2160 253 2221; x_wconf 90' lang='lat' dir='ltr'><strong>semel</strong></span> <span class='ocrx_word' id='word_1_129' title='bbox 274 2159 356 2235; x_wconf 89' lang='lat' dir='ltr'><strong>apud</strong></span> <span class='ocrx_word' id='word_1_130' title='bbox 378 2155 503 2234; x_wconf 84' lang='lat' dir='ltr'><strong>passiva</strong></span> <span class='ocrx_word' id='word_1_131' title='bbox 524 2156 618 2215; x_wconf 85' lang='lat' dir='ltr'><strong>verba</strong></span> <span class='ocrx_word' id='word_1_132' title='bbox 641 2153 762 2214; x_wconf 90' lang='lat' dir='ltr'><strong>dicendi</strong></span> <span class='ocrx_word' id='word_1_133' title='bbox 786 2156 922 2229; x_wconf 85' lang='lat' dir='ltr'><strong>usurpat.</strong></span> 
     </span>
    </p>
   </div>
   <div class='ocr_carea' id='block_1_3' title="bbox 150 2263 1318 3389">
    <p class='ocr_par' dir='ltr' id='par_1_3' title="bbox 157 2263 1245 2457">
     <span class='ocr_line' id='line_1_18' title="bbox 244 2263 1245 2364; baseline -0.009 -20"><span class='ocrx_word' id='word_1_134' title='bbox 244 2276 277 2364; x_wconf 90' lang='lat'><strong>1)</strong></span> <span class='ocrx_word' id='word_1_135' title='bbox 299 2263 473 2340; x_wconf 84' lang='lat' dir='ltr'><strong>Perieotum</strong></span> <span class='ocrx_word' id='word_1_136' title='bbox 507 2272 646 2336; x_wconf 85' lang='lat' dir='ltr'><strong>infinitivi</strong></span> <span class='ocrx_word' id='word_1_137' title='bbox 670 2290 725 2349; x_wconf 89' lang='lat' dir='ltr'><strong>pro</strong></span> <span class='ocrx_word' id='word_1_138' title='bbox 747 2273 891 2348; x_wconf 73' lang='lat' dir='ltr'><strong>presenti</strong></span> <span class='ocrx_word' id='word_1_139' title='bbox 917 2273 998 2349; x_wconf 89' lang='lat' dir='ltr'><strong>apud</strong></span> <span class='ocrx_word' id='word_1_140' title='bbox 1021 2273 1116 2356; x_wconf 86' lang='lat' dir='ltr'><strong>verba</strong></span> <span class='ocrx_word' id='word_1_141' title='bbox 1138 2275 1245 2335; x_wconf 88' lang='lat' dir='ltr'><strong>volun·</strong></span> 
     </span>
     <span class='ocr_line' id='line_1_19' title="bbox 157 2378 870 2457; baseline -0.008 -15"><span class='ocrx_word' id='word_1_142' title='bbox 157 2380 239 2456; x_wconf 90' lang='lat' dir='ltr'><strong>tatis,</strong></span> <span class='ocrx_word' id='word_1_143' title='bbox 260 2381 363 2455; x_wconf 88' lang='lat' dir='ltr'><strong>studii,</strong></span> <span class='ocrx_word' id='word_1_144' title='bbox 388 2378 554 2457; x_wconf 80' lang='lat' dir='ltr'><strong>cogitandi.</strong></span> <span class='ocrx_word' id='word_1_145' title='bbox 864 2387 870 2396; x_wconf 81' lang='grc'><em>·</em></span> 
     </span>
    </p>

    <p class='ocr_par' dir='ltr' id='par_1_4' title="bbox 150 2476 1318 3269">
     <span class='ocr_line' id='line_1_20' title="bbox 237 2476 1245 2558; baseline -0.006 -12"><span class='ocrx_word' id='word_1_146' title='bbox 237 2483 300 2546; x_wconf 84' lang='lat' dir='ltr'><strong>Sat.</strong></span> <span class='ocrx_word' id='word_1_147' title='bbox 322 2481 351 2545; x_wconf 79' lang='lat'><strong>2:</strong></span> <span class='ocrx_word' id='word_1_148' title='bbox 376 2481 406 2558; x_wconf 90' lang='lat'><strong>3,</strong></span> <span class='ocrx_word' id='word_1_149' title='bbox 433 2479 493 2543; x_wconf 81' lang='lat'><strong>187</strong></span> <span class='ocrx_word' id='word_1_150' title='bbox 517 2498 570 2540; x_wconf 90' lang='lat' dir='ltr'><strong>cur</strong></span> <span class='ocrx_word' id='word_1_151' title='bbox 591 2482 689 2550; x_wconf 85' lang='lat' dir='ltr'><strong>vetas,</strong></span> <span class='ocrx_word' id='word_1_152' title='bbox 713 2494 751 2537; x_wconf 90' lang='lat' dir='ltr'><strong>ne</strong></span> <span class='ocrx_word' id='word_1_153' title='bbox 776 2477 844 2551; x_wconf 90' lang='lat' dir='ltr'><strong>quis</strong></span> <span class='ocrx_word' id='word_1_154' title='bbox 867 2476 1007 2537; x_wconf 88' lang='lat' dir='ltr'><strong>humasse</strong></span> <span class='ocrx_word' id='word_1_155' title='bbox 1036 2478 1131 2538; x_wconf 79' lang='lat' dir='ltr'><strong>veliti</strong></span> <span class='ocrx_word' id='word_1_156' title='bbox 1167 2480 1245 2557; x_wconf 88' lang='lat' dir='ltr'><strong>(ser-</strong></span> 
     </span>
     <span class='ocr_line' id='line_1_21' title="bbox 152 2576 1246 2666; baseline -0.005 -17"><span class='ocrx_word' id='word_1_157' title='bbox 152 2607 271 2649; x_wconf 91' lang='lat' dir='ltr'><strong>monem</strong></span> <span class='ocrx_word' id='word_1_158' title='bbox 295 2589 396 2666; x_wconf 86' lang='lat' dir='ltr'><strong>legum</strong></span> <span class='ocrx_word' id='word_1_159' title='bbox 421 2583 565 2646; x_wconf 86' lang='lat' dir='ltr'><strong>Horatius</strong></span> <span class='ocrx_word' id='word_1_160' title='bbox 587 2579 722 2641; x_wconf 89' lang='lat' dir='ltr'><strong>imitatus</strong></span> <span class='ocrx_word' id='word_1_161' title='bbox 748 2579 923 2656; x_wconf 89' lang='lat' dir='ltr'><strong>est),—A.</strong></span> <span class='ocrx_word' id='word_1_162' title='bbox 947 2581 981 2640; x_wconf 93' lang='lat' dir='ltr'><strong>P.</strong></span> <span class='ocrx_word' id='word_1_163' title='bbox 1006 2576 1068 2639; x_wconf 81' lang='lat'><strong>347</strong></span> <span class='ocrx_word' id='word_1_164' title='bbox 1093 2580 1246 2657; x_wconf 85' lang='lat' dir='ltr'><strong>ignovisse</strong></span> 
     </span>
     <span class='ocr_line' id='line_1_22' title="bbox 153 2680 1247 2759; baseline 0 -12"><span class='ocrx_word' id='word_1_165' title='bbox 153 2689 290 2749; x_wconf 92' lang='lat' dir='ltr'><strong>velimus.</strong></span> <span class='ocrx_word' id='word_1_166' title='bbox 316 2723 358 2734; x_wconf 89' lang='lat'>—</span> <span class='ocrx_word' id='word_1_167' title='bbox 383 2689 446 2748; x_wconf 81' lang='lat' dir='ltr'><strong>Sat.</strong></span> <span class='ocrx_word' id='word_1_168' title='bbox 472 2686 501 2746; x_wconf 84' lang='lat'><strong>1:</strong></span> <span class='ocrx_word' id='word_1_169' title='bbox 528 2683 579 2757; x_wconf 91' lang='grc'><strong>10,</strong></span> <span class='ocrx_word' id='word_1_170' title='bbox 603 2681 644 2745; x_wconf 86' lang='grc'><strong>60</strong></span> <span class='ocrx_word' id='word_1_171' title='bbox 667 2686 749 2742; x_wconf 90' lang='lat' dir='ltr'><strong>amet</strong></span> <span class='ocrx_word' id='word_1_172' title='bbox 771 2680 939 2758; x_wconf 89' lang='lat' dir='ltr'><strong>scripsisse.</strong></span> <span class='ocrx_word' id='word_1_173' title='bbox 953 2718 994 2730; x_wconf 91' lang='lat'><em>-</em></span> <span class='ocrx_word' id='word_1_174' title='bbox 1009 2681 1065 2744; x_wconf 87' lang='lat' dir='ltr'><strong>Od.</strong></span> <span class='ocrx_word' id='word_1_175' title='bbox 1090 2683 1120 2743; x_wconf 79' lang='lat'><strong>1:</strong></span> <span class='ocrx_word' id='word_1_176' title='bbox 1139 2681 1247 2759; x_wconf 84' lang='grc'>34,16</span> 
     </span>
     <span class='ocr_line' id='line_1_23' title="bbox 153 2783 1248 2867; baseline -0.001 -17"><span class='ocrx_word' id='word_1_177' title='bbox 153 2790 292 2867; x_wconf 88' lang='lat' dir='ltr'><strong>posuisse</strong></span> <span class='ocrx_word' id='word_1_178' title='bbox 315 2790 438 2865; x_wconf 78' lang='lat' dir='ltr'><strong>gaudet.</strong></span> <span class='ocrx_word' id='word_1_179' title='bbox 463 2821 502 2832; x_wconf 92' lang='lat'>-</span> <span class='ocrx_word' id='word_1_180' title='bbox 527 2787 557 2846; x_wconf 87' lang='lat'><strong>3:</strong></span> <span class='ocrx_word' id='word_1_181' title='bbox 585 2783 634 2858; x_wconf 88' lang='lat'><strong>18,</strong></span> <span class='ocrx_word' id='word_1_182' title='bbox 661 2783 702 2845; x_wconf 94' lang='grc'><strong>15</strong></span> <span class='ocrx_word' id='word_1_183' title='bbox 725 2786 840 2861; x_wconf 85' lang='lat' dir='ltr'><strong>gaudet</strong></span> <span class='ocrx_word' id='word_1_184' title='bbox 862 2785 1028 2861; x_wconf 86' lang='lat' dir='ltr'><strong>pepulisse.</strong></span> <span class='ocrx_word' id='word_1_185' title='bbox 1053 2819 1092 2829; x_wconf 94' lang='lat'>—</span> <span class='ocrx_word' id='word_1_186' title='bbox 1122 2785 1150 2847; x_wconf 81' lang='lat' dir='ltr'><strong>lr</strong></span> <span class='ocrx_word' id='word_1_187' title='bbox 1176 2788 1204 2862; x_wconf 95' lang='grc'><strong>1,</strong></span> <span class='ocrx_word' id='word_1_188' title='bbox 1227 2788 1248 2849; x_wconf 91' lang='grc'>4</span> 
     </span>
     <span class='ocr_line' id='line_1_24' title="bbox 150 2885 1247 2981; baseline -0.005 -27"><span class='ocrx_word' id='word_1_189' title='bbox 150 2896 241 2981; x_wconf 84' lang='lat' dir='ltr'><strong>juvat</strong></span> <span class='ocrx_word' id='word_1_190' title='bbox 274 2890 446 2967; x_wconf 86' lang='lat' dir='ltr'><strong>collegisse.</strong></span> <span class='ocrx_word' id='word_1_191' title='bbox 470 2923 512 2934; x_wconf 92' lang='lat'><em>-</em></span> <span class='ocrx_word' id='word_1_192' title='bbox 534 2888 632 2964; x_wconf 83' lang='lat' dir='ltr'><strong>Epist.</strong></span> <span class='ocrx_word' id='word_1_193' title='bbox 657 2885 687 2946; x_wconf 75' lang='lat'><strong>2:</strong></span> <span class='ocrx_word' id='word_1_194' title='bbox 713 2885 744 2964; x_wconf 82' lang='lat'><strong>2,</strong></span> <span class='ocrx_word' id='word_1_195' title='bbox 770 2885 832 2949; x_wconf 88' lang='grc'><strong>109</strong></span> <span class='ocrx_word' id='word_1_196' title='bbox 856 2889 906 2965; x_wconf 91' lang='lat' dir='ltr'><strong>qui</strong></span> <span class='ocrx_word' id='word_1_197' title='bbox 931 2887 1033 2964; x_wconf 88' lang='lat' dir='ltr'><strong>cupiet</strong></span> <span class='ocrx_word' id='word_1_198' title='bbox 1064 2888 1183 2952; x_wconf 84' lang='lat' dir='ltr'><strong>iecisse.</strong></span> <span class='ocrx_word' id='word_1_199' title='bbox 1207 2927 1247 2938; x_wconf 91' lang='lat'><em>-</em></span> 
     </span>
     <span class='ocr_line' id='line_1_25' title="bbox 156 2987 1249 3068; baseline -0.001 -13"><span class='ocrx_word' id='word_1_200' title='bbox 156 2995 193 3056; x_wconf 84' lang='lat' dir='ltr'><strong>A.</strong></span> <span class='ocrx_word' id='word_1_201' title='bbox 218 2996 252 3054; x_wconf 90' lang='lat' dir='ltr'><strong>P.</strong></span> <span class='ocrx_word' id='word_1_202' title='bbox 275 2990 499 3056; x_wconf 78' lang='lat' dir='ltr'><strong>4351aborant</strong></span> <span class='ocrx_word' id='word_1_203' title='bbox 527 2989 733 3068; x_wconf 84' lang='lat' dir='ltr'><strong>perspexisse.</strong></span> <span class='ocrx_word' id='word_1_204' title='bbox 757 3022 799 3033; x_wconf 89' lang='lat'>—</span> <span class='ocrx_word' id='word_1_205' title='bbox 823 2989 879 3050; x_wconf 92' lang='lat' dir='ltr'><strong>0d.</strong></span> <span class='ocrx_word' id='word_1_206' title='bbox 896 3032 898 3036; x_wconf 59' lang='lat'><strong>.</strong></span> <span class='ocrx_word' id='word_1_207' title='bbox 915 2987 944 3049; x_wconf 90' lang='lat'><strong>3:</strong></span> <span class='ocrx_word' id='word_1_208' title='bbox 969 2988 1000 3065; x_wconf 83' lang='lat'><strong>4,</strong></span> <span class='ocrx_word' id='word_1_209' title='bbox 1025 2987 1065 3050; x_wconf 80' lang='lat'><strong>52</strong></span> <span class='ocrx_word' id='word_1_210' title='bbox 1089 2993 1249 3055; x_wconf 88' lang='lat' dir='ltr'><strong>tendentes</strong></span> 
     </span>
     <span class='ocr_line' id='line_1_26' title="bbox 153 3085 1318 3176; baseline 0 -19"><span class='ocrx_word' id='word_1_211' title='bbox 153 3096 344 3176; x_wconf 83' lang='lat' dir='ltr'><strong>imposuisse.</strong></span> <span class='ocrx_word' id='word_1_212' title='bbox 370 3094 529 3171; x_wconf 73' lang='lat' dir='ltr'><strong>-Epist</strong></span> <span class='ocrx_word' id='word_1_213' title='bbox 560 3092 587 3152; x_wconf 89' lang='lat' dir='ltr'><strong>l:</strong></span> <span class='ocrx_word' id='word_1_214' title='bbox 613 3085 708 3164; x_wconf 70' lang='grc'>17,’5</span> <span class='ocrx_word' id='word_1_215' title='bbox 735 3109 823 3152; x_wconf 89' lang='lat' dir='ltr'><strong>cures</strong></span> <span class='ocrx_word' id='word_1_216' title='bbox 857 3092 978 3153; x_wconf 90' lang='lat' dir='ltr'><strong>iecisse.</strong></span> <span class='ocrx_word' id='word_1_217' title='bbox 1001 3127 1043 3137; x_wconf 92' lang='lat'><strong>—</strong></span> <span class='ocrx_word' id='word_1_218' title='bbox 1068 3090 1117 3166; x_wconf 85' lang='lat'><strong>18,</strong></span> <span class='ocrx_word' id='word_1_219' title='bbox 1142 3093 1183 3156; x_wconf 91' lang='grc'><strong>60</strong></span> <span class='ocrx_word' id='word_1_220' title='bbox 1203 3097 1248 3156; x_wconf 86' lang='lat' dir='ltr'><strong>ie·</strong></span> <span class='ocrx_word' id='word_1_221' title='bbox 1309 3143 1318 3156; x_wconf 91' lang='lat'><strong>.</strong></span> 
     </span>
     <span class='ocr_line' id='line_1_27' title="bbox 154 3186 885 3269; baseline -0.011 -5"><span class='ocrx_word' id='word_1_222' title='bbox 154 3203 232 3264; x_wconf 89' lang='lat' dir='ltr'><strong>cisse</strong></span> <span class='ocrx_word' id='word_1_223' title='bbox 256 3217 354 3262; x_wconf 87' lang='lat' dir='ltr'><strong>ouras.</strong></span> <span class='ocrx_word' id='word_1_224' title='bbox 373 3186 421 3243; x_wconf 75' lang='lat'><strong>&#39;-</strong></span> <span class='ocrx_word' id='word_1_225' title='bbox 443 3197 480 3259; x_wconf 92' lang='lat' dir='ltr'><strong>A.</strong></span> <span class='ocrx_word' id='word_1_226' title='bbox 504 3198 538 3257; x_wconf 91' lang='grc' dir='ltr'><strong>Ρ.</strong></span> <span class='ocrx_word' id='word_1_227' title='bbox 563 3192 604 3256; x_wconf 86' lang='grc'><strong>98</strong></span> <span class='ocrx_word' id='word_1_228' title='bbox 627 3199 713 3255; x_wconf 85' lang='lat' dir='ltr'><strong>corat</strong></span> <span class='ocrx_word' id='word_1_229' title='bbox 735 3194 885 3269; x_wconf 85' lang='lat' dir='ltr'><strong>tetigisse.</strong></span> 
     </span>
    </p>

    <p class='ocr_par' dir='ltr' id='par_1_5' title="bbox 238 3295 853 3389">
     <span class='ocr_line' id='line_1_28' title="bbox 238 3295 853 3389; baseline -0.023 -21"><span class='ocrx_word' id='word_1_230' title='bbox 238 3300 274 3389; x_wconf 77' lang='lat'><strong>2)</strong></span> <span class='ocrx_word' id='word_1_231' title='bbox 297 3302 387 3382; x_wconf 86' lang='lat' dir='ltr'><strong>Apud</strong></span> <span class='ocrx_word' id='word_1_232' title='bbox 409 3302 504 3362; x_wconf 85' lang='lat' dir='ltr'><strong>verba</strong></span> <span class='ocrx_word' id='word_1_233' title='bbox 524 3297 640 3359; x_wconf 87' lang='lat' dir='ltr'><strong>fastidii</strong></span> <span class='ocrx_word' id='word_1_234' title='bbox 664 3300 695 3357; x_wconf 91' lang='lat' dir='ltr'><strong>et</strong></span> <span class='ocrx_word' id='word_1_235' title='bbox 718 3295 853 3385; x_wconf 83' lang='lat' dir='ltr'><strong>timendi.</strong></span> 
     </span>
    </p>
   </div>
   <div class='ocr_carea' id='block_1_4' title="bbox 239 3396 1346 3480">
    <p class='ocr_par' dir='ltr' id='par_1_6' title="bbox 239 3396 1346 3480">
     <span class='ocr_line' id='line_1_29' title="bbox 239 3396 1346 3480; baseline -0.005 -15"><span class='ocrx_word' id='word_1_236' title='bbox 239 3406 301 3466; x_wconf 80' lang='lat' dir='ltr'><strong>Sat.</strong></span> <span class='ocrx_word' id='word_1_237' title='bbox 328 3401 411 3477; x_wconf 77' lang='lat'>122,</span> <span class='ocrx_word' id='word_1_238' title='bbox 440 3399 480 3465; x_wconf 79' lang='lat'><strong>28</strong></span> <span class='ocrx_word' id='word_1_239' title='bbox 510 3404 580 3464; x_wconf 88' lang='lat' dir='ltr'><strong>sunt</strong></span> <span class='ocrx_word' id='word_1_240' title='bbox 614 3399 666 3480; x_wconf 88' lang='lat' dir='ltr'><strong>qui</strong></span> <span class='ocrx_word' id='word_1_241' title='bbox 701 3398 797 3459; x_wconf 92' lang='lat' dir='ltr'><strong>nolint</strong></span> <span class='ocrx_word' id='word_1_242' title='bbox 831 3399 978 3476; x_wconf 87' lang='lat' dir='ltr'><strong>tetigisse.</strong></span> <span class='ocrx_word' id='word_1_243' title='bbox 1002 3435 1042 3444; x_wconf 95' lang='lat'><em>-</em></span> <span class='ocrx_word' id='word_1_244' title='bbox 1065 3400 1104 3463; x_wconf 92' lang='lat' dir='ltr'><strong>A.</strong></span> <span class='ocrx_word' id='word_1_245' title='bbox 1127 3402 1160 3460; x_wconf 92' lang='lat' dir='ltr'><strong>P.</strong></span> <span class='ocrx_word' id='word_1_246' title='bbox 1188 3396 1247 3460; x_wconf 85' lang='lat'><strong>168</strong></span> <span class='ocrx_word' id='word_1_247' title='bbox 1343 3407 1346 3412; x_wconf 84' lang='lat'>&#39;</span> 
     </span>
    </p>
   </div>
   <div class='ocr_carea' id='block_1_5' title="bbox 156 3501 1251 3888">
    <p class='ocr_par' dir='ltr' id='par_1_7' title="bbox 156 3501 1248 3686">
     <span class='ocr_line' id='line_1_30' title="bbox 156 3501 1248 3581; baseline -0.005 -13"><span class='ocrx_word' id='word_1_248' title='bbox 156 3506 341 3568; x_wconf 84' lang='lat' dir='ltr'><strong>commisisse</strong></span> <span class='ocrx_word' id='word_1_249' title='bbox 375 3509 473 3567; x_wconf 85' lang='lat' dir='ltr'><strong>cavet.</strong></span> <span class='ocrx_word' id='word_1_250' title='bbox 498 3537 538 3550; x_wconf 91' lang='lat'>-</span> <span class='ocrx_word' id='word_1_251' title='bbox 562 3501 625 3566; x_wconf 89' lang='grc'><strong>455</strong></span> <span class='ocrx_word' id='word_1_252' title='bbox 649 3502 788 3579; x_wconf 85' lang='lat' dir='ltr'><strong>tetigisse</strong></span> <span class='ocrx_word' id='word_1_253' title='bbox 814 3503 930 3563; x_wconf 87' lang='lat' dir='ltr'><strong>timent.</strong></span> <span class='ocrx_word' id='word_1_254' title='bbox 955 3538 997 3547; x_wconf 93' lang='lat'><em>-</em></span> <span class='ocrx_word' id='word_1_255' title='bbox 1020 3503 1117 3581; x_wconf 84' lang='lat' dir='ltr'><strong>Epist.</strong></span> <span class='ocrx_word' id='word_1_256' title='bbox 1143 3503 1170 3563; x_wconf 88' lang='lat' dir='ltr'><strong>l:</strong></span> <span class='ocrx_word' id='word_1_257' title='bbox 1197 3501 1248 3577; x_wconf 91' lang='grc'><strong>14,</strong></span> 
     </span>
     <span class='ocr_line' id='line_1_31' title="bbox 156 3605 1092 3686; baseline -0.004 -17"><span class='ocrx_word' id='word_1_258' title='bbox 156 3605 196 3669; x_wconf 87' lang='grc'><strong>36</strong></span> <span class='ocrx_word' id='word_1_259' title='bbox 219 3625 275 3669; x_wconf 90' lang='lat' dir='ltr'><strong>uec</strong></span> <span class='ocrx_word' id='word_1_260' title='bbox 298 3607 406 3668; x_wconf 88' lang='lat' dir='ltr'><strong>lusisse</strong></span> <span class='ocrx_word' id='word_1_261' title='bbox 429 3611 505 3686; x_wconf 88' lang='lat' dir='ltr'><strong>(me)</strong></span> <span class='ocrx_word' id='word_1_262' title='bbox 529 3609 634 3686; x_wconf 90' lang='lat' dir='ltr'><strong>pudet,</strong></span> <span class='ocrx_word' id='word_1_263' title='bbox 660 3606 716 3666; x_wconf 94' lang='lat' dir='ltr'><strong>sed</strong></span> <span class='ocrx_word' id='word_1_264' title='bbox 739 3622 798 3665; x_wconf 94' lang='lat' dir='ltr'><strong>nou</strong></span> <span class='ocrx_word' id='word_1_265' title='bbox 822 3605 957 3665; x_wconf 88' lang='lat' dir='ltr'><strong>incidere</strong></span> <span class='ocrx_word' id='word_1_266' title='bbox 980 3607 1092 3667; x_wconf 89' lang='lat' dir='ltr'><strong>ludum.</strong></span> 
     </span>
    </p>

    <p class='ocr_par' dir='ltr' id='par_1_8' title="bbox 241 3703 700 3793">
     <span class='ocr_line' id='line_1_32' title="bbox 241 3703 700 3793; baseline -0.013 -21"><span class='ocrx_word' id='word_1_267' title='bbox 241 3703 277 3793; x_wconf 82' lang='lat'><strong>3)</strong></span> <span class='ocrx_word' id='word_1_268' title='bbox 299 3709 388 3788; x_wconf 89' lang='lat' dir='ltr'><strong>Apud</strong></span> <span class='ocrx_word' id='word_1_269' title='bbox 411 3713 505 3770; x_wconf 85' lang='lat' dir='ltr'><strong>verba</strong></span> <span class='ocrx_word' id='word_1_270' title='bbox 527 3708 700 3789; x_wconf 86' lang='lat' dir='ltr'><strong>potestatis.</strong></span> 
     </span>
    </p>

    <p class='ocr_par' dir='ltr' id='par_1_9' title="bbox 243 3807 1251 3888">
     <span class='ocr_line' id='line_1_33' title="bbox 243 3807 1251 3888; baseline -0.005 -13"><span class='ocrx_word' id='word_1_271' title='bbox 243 3812 298 3876; x_wconf 88' lang='lat' dir='ltr'><strong>Od.</strong></span> <span class='ocrx_word' id='word_1_272' title='bbox 324 3809 353 3872; x_wconf 77' lang='lat'><strong>3:</strong></span> <span class='ocrx_word' id='word_1_273' title='bbox 379 3812 429 3887; x_wconf 81' lang='lat'><strong>29,</strong></span> <span class='ocrx_word' id='word_1_274' title='bbox 453 3810 494 3873; x_wconf 91' lang='grc'><strong>43</strong></span> <span class='ocrx_word' id='word_1_275' title='bbox 518 3814 566 3873; x_wconf 91' lang='lat' dir='ltr'><strong>cui</strong></span> <span class='ocrx_word' id='word_1_276' title='bbox 599 3813 672 3873; x_wconf 87' lang='lat' dir='ltr'><strong>licet</strong></span> <span class='ocrx_word' id='word_1_277' title='bbox 705 3810 832 3873; x_wconf 86' lang='lat' dir='ltr'><strong>dixisse.</strong></span> <span class='ocrx_word' id='word_1_278' title='bbox 860 3845 898 3855; x_wconf 89' lang='lat'><em>-</em></span> <span class='ocrx_word' id='word_1_279' title='bbox 922 3808 958 3872; x_wconf 88' lang='lat' dir='ltr'><strong>A.</strong></span> <span class='ocrx_word' id='word_1_280' title='bbox 983 3812 1017 3871; x_wconf 92' lang='lat' dir='ltr'><strong>P.</strong></span> <span class='ocrx_word' id='word_1_281' title='bbox 1044 3807 1105 3872; x_wconf 81' lang='lat'><strong>328</strong></span> <span class='ocrx_word' id='word_1_282' title='bbox 1129 3813 1251 3888; x_wconf 90' lang='lat' dir='ltr'><strong>poteras</strong></span> 
     </span>
    </p>
   </div>
   <div class='ocr_carea' id='block_1_6' title="bbox 157 3918 1252 4342">
    <p class='ocr_par' dir='ltr' id='par_1_10' title="bbox 157 3918 282 3980">
     <span class='ocr_line' id='line_1_34' title="bbox 157 3918 282 3980; baseline -0.008 -1"><span class='ocrx_word' id='word_1_283' title='bbox 157 3918 282 3980; x_wconf 84' lang='lat' dir='ltr'><strong>dixisse.</strong></span> 
     </span>
    </p>

    <p class='ocr_par' dir='ltr' id='par_1_11' title="bbox 159 4100 1252 4342">
     <span class='ocr_line' id='line_1_35' title="bbox 227 4100 1250 4168; baseline -0.001 -14"><span class='ocrx_word' id='word_1_284' title='bbox 227 4107 255 4166; x_wconf 88' lang='lat'><strong>1)</strong></span> <span class='ocrx_word' id='word_1_285' title='bbox 272 4101 407 4168; x_wconf 82' lang='lat' dir='ltr'><strong>Kruegeri</strong></span> <span class='ocrx_word' id='word_1_286' title='bbox 424 4116 535 4166; x_wconf 81' lang='lat' dir='ltr'><strong>gramm.</strong></span> <span class='ocrx_word' id='word_1_287' title='bbox 555 4102 570 4168; x_wconf 83' lang='lat'>§</span> <span class='ocrx_word' id='word_1_288' title='bbox 590 4103 640 4154; x_wconf 82' lang='grc'><strong>477</strong></span> <span class='ocrx_word' id='word_1_289' title='bbox 659 4104 727 4151; x_wconf 85' lang='lat' dir='ltr'><strong>Ann.</strong></span> <span class='ocrx_word' id='word_1_290' title='bbox 747 4105 770 4152; x_wconf 80' lang='lat'><strong>2.</strong></span> <span class='ocrx_word' id='word_1_291' title='bbox 807 4100 841 4151; x_wconf 89' lang='lat' dir='ltr'><strong>K.</strong></span> <span class='ocrx_word' id='word_1_292' title='bbox 860 4101 958 4166; x_wconf 81' lang='lat' dir='ltr'><strong>Reisig.</strong></span> <span class='ocrx_word' id='word_1_293' title='bbox 979 4101 1166 4166; x_wconf 88' lang='lat' dir='ltr'><strong>Vorlesungen</strong></span> <span class='ocrx_word' id='word_1_294' title='bbox 1182 4103 1250 4153; x_wconf 87' lang='lat' dir='ltr'><strong>iiber</strong></span> 
     </span>
     <span class='ocr_line' id='line_1_36' title="bbox 160 4173 1252 4253; baseline 0 -13"><span class='ocrx_word' id='word_1_295' title='bbox 160 4192 209 4241; x_wconf 92' lang='lat' dir='ltr'><strong>der</strong></span> <span class='ocrx_word' id='word_1_296' title='bbox 226 4190 389 4241; x_wconf 79' lang='lat' dir='ltr'><strong>lateinische</strong></span> <span class='ocrx_word' id='word_1_297' title='bbox 411 4189 801 4253; x_wconf 64' lang='lat' dir='ltr'><strong>Sprechwissensohareeauo.</strong></span> <span class='ocrx_word' id='word_1_298' title='bbox 821 4189 919 4251; x_wconf 83' lang='lat' dir='ltr'><strong>Zumpt</strong></span> <span class='ocrx_word' id='word_1_299' title='bbox 937 4201 1049 4250; x_wconf 80' lang='lat' dir='ltr'><strong>gramm.</strong></span> <span class='ocrx_word' id='word_1_300' title='bbox 1069 4173 1173 4240; x_wconf 69' lang='lat' dir='ltr'><strong>Orebro</strong></span> <span class='ocrx_word' id='word_1_301' title='bbox 1187 4191 1252 4240; x_wconf 78' lang='lat'>1833</span> 
     </span>
     <span class='ocr_line' id='line_1_37' title="bbox 159 4275 776 4342; baseline 0.003 -16"><span class='ocrx_word' id='word_1_302' title='bbox 159 4275 174 4342; x_wconf 83' lang='lat'>§</span> <span class='ocrx_word' id='word_1_303' title='bbox 193 4277 252 4326; x_wconf 76' lang='lat'><strong>590.</strong></span> <span class='ocrx_word' id='word_1_304' title='bbox 270 4277 410 4328; x_wconf 87' lang='lat' dir='ltr'><strong>Kuehneri</strong></span> <span class='ocrx_word' id='word_1_305' title='bbox 427 4290 539 4341; x_wconf 82' lang='lat' dir='ltr'><strong>gramm.</strong></span> <span class='ocrx_word' id='word_1_306' title='bbox 560 4275 574 4342; x_wconf 66' lang='grc' dir='ltr'><strong>ξ</strong></span> <span class='ocrx_word' id='word_1_307' title='bbox 596 4276 645 4328; x_wconf 78' lang='grc'><strong>127</strong></span> <span class='ocrx_word' id='word_1_308' title='bbox 664 4278 732 4325; x_wconf 87' lang='lat' dir='ltr'><strong>Anu.</strong></span> <span class='ocrx_word' id='word_1_309' title='bbox 752 4275 776 4328; x_wconf 77' lang='lat' dir='ltr'><strong>l.</strong></span> 
     </span>
    </p>
   </div>
   <div class='ocr_carea' id='block_1_7' title="bbox 0 0 1628 5044">
    <p class='ocr_par' dir='ltr' id='par_1_12' title="bbox 0 0 1628 5044">
     <span class='ocr_line' id='line_1_38' title="bbox 0 0 1628 5044; baseline 0 0"><span class='ocrx_word' id='word_1_310' title='bbox 0 0 1628 5044; x_wconf 95' lang='lat' dir='ltr'><strong> </strong></span> 
     </span>
    </p>
   </div>
  </div>
 </body>
</html>
