3222 5044
1171 437 1212 506 25

163 597 212 658 his
236 614 282 658 mc
305 594 451 661 consolor
473 595 622 658 victurum
646 597 769 660 suavius
791 595 866 678 (boo
891 603 957 664 loco
981 601 1011 662 iu
1035 597 1130 662 verbo
1155 616 1263 667 conso-

163 702 248 764 landi
272 702 355 763 notio
380 699 525 779 sperandi
548 699 640 780 inest)
655 699 693 783 ¹).

255 801 290 889 8)
314 791 354 866 Ut
377 807 472 865 verba
495 821 635 866 sensuum
658 825 719 868 vox
741 803 877 882 videndi,
906 805 1024 866 etiamsi
1049 806 1176 868 denotat
1199 825 1262 866 rcm

165 910 304 971 sensibus
316 909 381 970 siva
394 907 490 969 oculis
504 907 567 967 sivo
580 905 734 989 (postico)
747 909 871 970 auribus
883 912 1070 986 perceptam,
1084 893 1260 972 accusativo

169 1031 236 1073 cum
257 1013 404 1072 infinitivo
428 1010 509 1086 apud
533 1010 690 1072 Horatium
714 1012 856 1085 sociatur,
888 1006 978 1088 quium
1013 1012 1042 1070 in
1076 1029 1167 1086 prosa
1190 1029 1259 1071 ora-

166 1114 249 1176 tiooc
272 1114 465 1204 accusativus
488 1130 554 1172 cum
572 1113 733 1190 participio
746 1114 906 1192 prosecutis
919 1113 1105 1189 activijustc
1117 1118 1259 1190 ponatur.

253 1219 311 1282 Od.
337 1213 466 1292 1:2,13
489 1217 621 1278 vidimus
643 1219 754 1278 flavum
766 1218 904 1278 Tiberim
928 1217 971 1278 iro
994 1215 1082 1299 (pro:
1108 1215 1257 1299 cuntem).

164 1358 204 1368 -
227 1323 291 1384 Sat.
317 1323 345 1382 1:
371 1319 400 1394 4,
424 1319 464 1382 86
500 1338 580 1397 sasps
615 1321 721 1383 videas
755 1340 865 1383 cenare
900 1324 1076 1397 quaternos.
1105 1355 1139 1364 -
1167 1317 1197 1396 5,
1222 1319 1261 1384 76

165 1427 311 1486 convivus
335 1441 499 1500 servosque
522 1440 631 1499 rapere
655 1427 747 1500 atquo
771 1426 961 1502 restinguere
978 1425 1058 1484 veile
1071 1424 1203 1484 videres.
1219 1459 1259 1468 -

167 1525 198 1601 8,
213 1525 253 1590 34
266 1531 422 1604 scrpcotos
445 1531 538 1603 atquc
561 1526 682 1586 vidcrcs
705 1527 840 1587 inlcroas
865 1544 966 1586 orrars
990 1527 1260 1602 cauosluuamquo

166 1631 272 1690 latero.
286 1663 327 1690 ·-.
341 1627 381 1690 50
404 1630 510 1688 doulos
533 1628 675 1688 cxcitlcro
699 1629 830 1688 videres.
846 1663 885 1673 -
901 1626 929 1688 2:
944 1627 974 1705 8,
990 1626 1029 1690 78
1052 1635 1113 1690 tum
1138 1628 1259 1689 videres

117 1797 121 1816 ἡ
167 1734 249 1809 (ρτοε
274 1729 413 1812 audires)
425 1730 554 1792 stridore
571 1731 685 1790 divisos
697 1748 835 1792 susurros
848 1730 886 1813 ²).
994 1775 996 1794 .

248 1834 403 1894 Praetoroa
426 1851 464 1894 cu
486 1834 588 1895 vorbis
611 1834 816 1909 cognoscendi
851 1835 1072 1896 observandum
1096 1837 1144 1894 cst
1166 1834 1260 1896 rosci-

162 1952 259 2015 sccrc,
296 1938 376 2012 qood
411 1937 531 1996 Frouud
566 1938 596 1997 iu
620 1955 674 1996 suo
699 1936 799 1996 lexico
834 1938 909 1998 dicit
931 1937 1062 1998 maximo
1085 1911 1287 2013 sirisoptin

162 2057 278 2100 morum
301 2039 480 2116 scriptorum
504 2045 623 2099 aetatem
646 2040 789 2100 usitatum
813 2040 916 2102 fuisso.
1142 2021 1144 2028 ,

250 2141 346 2220 Epist.
360 2143 388 2204 2:
407 2143 433 2216 l,
449 2141 510 2204 227
534 2144 717 2219 simulatque
742 2144 878 2203 carmina
900 2143 1047 2206 rescieris
1065 2161 1120 2204 uos
1132 2145 1257 2219 fingere.

250 2243 286 2330 4)
311 2248 353 2308 Ut
374 2267 484 2328 cupere
514 2253 544 2307 et
577 2244 654 2309 vello
687 2265 779 2308 voccs
812 2247 961 2328 ocaticndi
986 2227 1017 2307 st
1041 2227 1203 2329 poscendi3
1229 2251 1262 2307 ut

159 2346 326 2428 prohibero
349 2352 399 2410 vel
421 2369 485 2413 ooo
504 2350 579 2430 pati
607 2351 732 2410 verbum
769 2350 918 2416 inridendi
952 2349 1157 2412 accusativum
1192 2368 1259 2410 cum

164 2451 312 2512 infinitivo
336 2453 425 2528 regit.

250 2555 313 2614 Sat.
339 2554 365 2614 i:
382 2554 413 2633 4,
428 2553 467 2616 37
487 2556 599 2638 yestr'ei
621 2572 726 2615 omncs
748 2555 836 2616 scire.
852 2554 942 2614 -Α,
955 2557 989 2616 Ρ.
1004 2549 1066 2614 339
1090 2572 1129 2613 uc
1144 2556 1260 2632 poscat

167 2654 270 2714 tabula
295 2657 354 2717 sibi
378 2659 470 2718 credi.
496 2693 533 2730 -‚
560 2660 623 2721 Sat.
650 2658 678 2718 l:
704 2658 733 2731 2,
759 2657 821 2720 100
843 2658 983 2734 plurima,
1008 2676 1074 2735 quac
1100 2655 1260 2720 r'oor‘dcoot

168 2773 230 2814 rom
255 2776 403 2833 apparere
426 2761 492 2822 tibi.
1128 2751 1135 2770 ⁸

254 2857 428 2924 Aaaotatr‘o
453 2861 480 2922 1.
527 2866 574 2924 Dc
604 2864 660 2929 Od.
686 2865 715 2924 l:
740 2863 771 2938 4,
796 2860 836 2924 12
860 2879 916 2925 sea
934 2865 1045 2942 poscat
1069 2859 1163 2941 cyno,
1196 2859 1262 2922 sive

167 2959 259 3024 molit
281 2959 368 3024 iraedo
391 2966 482 3041 vulgo
507 2967 648 3042 supplcro
679 2966 793 3026 solunt:
830 2963 893 3027 sior·
913 2962 1083 3034 immolari,
1108 2965 1163 3024 scd
1185 2963 1261 3026 nihil

166 3066 255 3127 simul
287 3067 386 3127 audiri
420 3087 496 3147 opus
532 3072 588 3142 ost,
624 3069 649 3129 si
675 3089 742 3130 cum
766 3070 929 3130 Francisoo
952 3070 1050 3146 Pauly
1063 3066 1089 3141 ³)
1112 3067 1260 3144 legimus:

163 3186 294 3249 aquam,
317 3167 449 3234 iccium.

251 3270 369 3336 Aorsoi.
399 3271 427 3335 2.
485 3277 532 3338 Dc
555 3276 657 3336 vorbis
690 3271 848 3345 hortandi,
882 3271 1071 3352 irnpeileaor',
1105 3271 1261 3346 monendi,

168 3370 365 3450 admouendi,
379 3395 446 3453 quae
463 3378 555 3438 ctiam
583 3378 614 3438 in
642 3397 734 3456 prosa
757 3378 893 3438 orations
917 3378 1123 3438 accusativum
1148 3377 1261 3453 objecti

167 3479 286 3547 regunt,
311 3479 365 3536 sed
387 3479 468 3554 apud
492 3479 565 3540 Hor.
589 3481 629 3541 ad
653 3480 879 3541 similitudinem
903 3479 987 3538 verbi
1009 3480 1138 3556 jubendi
1162 3479 1260 3538 intini-

168 3575 231 3633 tivo
254 3594 308 3651 pro
332 3585 366 3637 ot
389 3577 462 3638 cum*
479 3581 674 3658 conjunctivo
697 3584 861 3656 sociantur,
885 3573 954 3642 vido
979 3600 1070 3660 supra
1093 3584 1118 3655 l,
1142 3581 1179 3656 A,
1194 3580 1259 3663 5⁴).

240 3760 408 3822 1)Koclrius
437 3766 465 3814 iu
494 3782 542 3816 suo
570 3771 659 3819 lexico
687 3771 840 3820 Horatiano
868 3771 964 3820 vertit:
992 3775 1115 3833 «gerrosr
1144 3771 1261 3819 hostenu

169 3847 326 3910 Kruegerus
347 3851 473 3902 adhunc
500 3855 588 3904 locum
617 3859 696 3907 dicit:
726 3860 833 3909 uiridem
852 3860 897 3908 ich
914 3860 1007 3909 huffen
1026 3860 1088 3910 duri
1106 3858 1211 3907 hiorbei
1231 3874 1262 3906 au

167 3937 272 3987 leben.»

238 4021 266 4089 2)
284 4025 316 4073 Iu
336 4026 468 4089 exemplis
488 4027 677 4077 describendis
695 4030 829 4080 Kochium
849 4037 958 4082 secutus
978 4049 1043 4082 sum.

237 4113 264 4170 3)
282 4113 392 4162 Horatii
415 4129 500 4177 opera
519 4117 617 4164 omnio.
655 4117 756 4180 Lipsiae
774 4119 949 4170 MDOOCLV.

241 4197 268 4267 4)
286 4202 348 4252 Non
377 4201 501 4252 alienum
524 4217 583 4252 csse
612 4205 721 4254 ridetur
747 4207 793 4255 liic
821 4207 927 4266 afferre,
956 4208 1002 4256 ubi
1029 4208 1161 4256 Horatius
1180 4208 1264 4255 verba

164 4285 287 4354 iubendi,
309 4287 426 4344 vttuutli
445 4292 692 4357 imperativumquc
711 4291 770 4347 siue
789 4296 933 4358 particulis
951 4298 989 4357 ut,
1013 4309 1046 4346 rso
1063 4296 1107 4344 vel
1126 4297 1185 4344 solo
1202 4307 1264 4344 cors·

1146 4384 1161 4430 4
