3222 5044
181 1019 204 1098 Ι.
258 1017 306 1098 lle
331 1019 412 1098 solo
445 1018 624 1112 infinitivo,
653 1037 756 1119 nuum
785 1018 816 1097 ln
845 1035 955 1118 prosa
983 1018 1146 1098 oratione
1171 1019 1272 1119 vuldo

281 1145 342 1222 aut
369 1142 461 1222 nulla
478 1145 539 1222 aul
565 1143 636 1223 alla
661 1144 778 1224 torma
805 1143 901 1222 uerbi
928 1143 1172 1243 satiarentur.

266 1375 302 1434 Α.
346 1373 437 1450 Apud
460 1375 635 1445 Horatium,
659 1376 691 1431 ut
715 1389 834 1449 semper
856 1372 921 1432 fere
945 1374 975 1433 in
999 1375 1137 1434 oratione
1161 1376 1271 1450 soluta,

181 1477 343 1537 infinitivus
378 1479 577 1553 grammatico
617 1476 769 1553 subjecto,
806 1478 886 1552 quod
919 1482 1055 1545 vocatur,
1091 1496 1198 1539 carens
1233 1479 1272 1539 ad

182 1579 444 1641 notionem-verbi
474 1579 645 1660 accuratius
673 1578 930 1639 determinandam
955 1581 1117 1640 confertur.
1163 1581 1271 1656 Neque

180 1685 280 1750 tamen
306 1684 403 1744 solum
428 1683 466 1742 ad
487 1683 576 1758 plura
600 1687 630 1741 et
653 1681 714 1740 alia
737 1680 841 1752 verba,
866 1682 919 1740 sed
944 1682 1051 1756 etiam,
1075 1688 1109 1744 ut
1131 1684 1198 1743 aliae
1223 1701 1272 1743 ae·

179 1787 281 1845 tentiae
316 1786 537 1862 exprimantur,
571 1801 652 1860 saepe
688 1783 739 1842 ille
768 1785 861 1858 poe'ta
891 1789 1001 1860 praeter
1024 1787 1272 1846 consuetudinem

180 1887 361 1964 scriptorum
396 1903 496 1945 aureae
529 1888 636 1947 atatis
663 1904 730 1946 enm
765 1885 881 1962 adjicit,
917 1886 948 1946 id
983 1888 1064 1962 quod
1089 1889 1274 1966 paulopost

180 1989 448 2050 demonstrabitur.

270 2158 303 2244 l)
325 2163 408 2222 Inter
431 2181 535 2224 omnes
559 2165 688 2235 constat,
710 2161 889 2220 infinitivum
914 2161 1005 2222 etiam
1029 2162 1109 2240 apud
1133 2168 1274 2223 auctores

169 2265 286 2325 solutae
310 2265 455 2328 orationis
478 2268 517 2326 ad
540 2266 635 2326 verba
665 2265 846 2342 complenda
882 2265 1032 2337 adhiberi,
1067 2283 1193 2341 quorum
1219 2287 1272 2327 no-

180 2369 279 2427 tiones
302 2369 368 2428 sine
392 2387 428 2430 eo
451 2370 602 2430 inchoatae
626 2372 656 2428 et
679 2385 793 2428 mancae
816 2371 885 2428 sunt
902 2365 985 2449 (quaa
1008 2373 1155 2428 vocantur
1177 2369 1273 2432 verba

178 2467 389 2552 imperfecto).
436 2471 510 2545 Quae
544 2489 593 2531 res
627 2470 708 2546 apud
741 2470 898 2529 Horatium
933 2472 1025 2530 multo
1056 2461 1148 2529 latius
1171 2475 1271 2546 patet;

180 2591 249 2633 nam
273 2574 336 2646 ille,
360 2578 394 2634 ut
416 2578 508 2650 podia
531 2573 670 2649 vulgaria
693 2591 730 2632 ac
753 2572 824 2632 trita
848 2571 977 2647 evitans,
1001 2591 1093 2650 saepe,
1118 2590 1177 2649 quo
1201 2593 1271 2650 gra-

180 2675 247 2733 vior
270 2679 300 2734 et
323 2676 492 2752 elegantior
511 2677 607 2737 oratio
638 2679 700 2749 fiat,
724 2677 819 2736 verba
841 2675 920 2736 idem
945 2675 1134 2735 declarantia
1156 2681 1187 2735 et
1210 2676 1271 2736 sor-

183 2775 273 2846 tiere,
309 2793 375 2854 quae
401 2779 468 2854 ipsa
497 2779 527 2838 iu
557 2779 691 2854 pedestri
722 2795 860 2838 sermone
884 2778 992 2853 plenas
1015 2777 1154 2838 notiones
1177 2780 1273 2838 conti·

184 2879 287 2950 noant,
322 2881 354 2937 ut
387 2879 565 2954 imperfecta
598 2898 665 2940 cum
698 2879 846 2940 infinitivo
882 2880 1044 2956 componit.
1091 2879 1164 2953 Quae
1193 2882 1273 2958 apud

182 2980 342 3047 Horatium
377 2980 421 3040 sio
455 2983 599 3057 usurpata
627 2984 731 3054 verba,
757 2988 790 3042 ut
819 2984 946 3043 eandem
976 2984 1157 3044 sententiam
1182 3002 1271 3060 quarn

180 3083 360 3160 quotidiana
384 3084 567 3161 significant,
591 3085 648 3146 hoc
669 3087 758 3145 modo
782 3087 1014 3148 distribuantur:

267 3227 299 3302 a)
329 3225 517 3286 Potestatem
553 3215 686 3284 iacien'di
722 3227 752 3283 ut
778 3243 876 3306 posse
909 3223 1060 3284 indicant:
1096 3224 1193 3286 valore
1228 3227 1272 3299 (id

183 3327 263 3400 quod
286 3329 366 3403 apud
391 3326 522 3403 optimos
545 3327 709 3403 scriptores
733 3344 851 3404 semper
874 3327 1119 3404 praepositionem
1142 3326 1186 3390 od
1208 3348 1274 3389 cum

184 3429 355 3490 accusativo
379 3429 520 3506 gerundii
544 3430 637 3506 regit)
653 3434 684 3490 et
699 3430 869 3492 evalescere
892 3433 930 3490 ab
954 3429 1011 3488 hoc
1034 3431 1128 3488 verbo
1142 3430 1272 3489 ductum.
1375 3483 1377 3488 .

271 3563 325 3626 Οᾱ.
352 3567 381 3625 1:
407 3563 458 3639 34,
485 3565 524 3626 12
546 3564 628 3628 ualet
650 3571 776 3627 mutare.
803 3603 842 3610 -
867 3567 896 3627 2ε
923 3564 952 3640 5,
979 3565 993 3625 l
1025 3567 1157 3626 nondum
1192 3566 1272 3627 ferre

183 3664 276 3742 ualet,
300 3686 431 3744 aequare,
455 3672 596 3731 tolerare.
623 3703 659 3714 -
685 3667 714 3730 3:
741 3667 791 3742 25,
820 3666 860 3729 15
889 3667 1059 3732 nolentiam
1080 3673 1209 3728 vertere.
1233 3704 1275 3715 —

182 3769 213 3830 4:
240 3771 269 3844 7,
295 3768 336 3832 27
364 3789 419 3832 nec
453 3771 536 3834 ualet
569 3775 758 3849 abrumpere.
783 3805 823 3814 -
848 3773 944 3849 llpod.
969 3770 999 3845 5,
1023 3769 1063 3832 87
1088 3790 1147 3831 non
1169 3770 1274 3835 uolent

124 3901 126 3908 ¹
184 3878 427 3935 convertere—
453 3872 501 3948 16,
526 3872 544 3935 3
568 3893 667 3951 neque
690 3872 858 3935 voluerant
880 3875 1019 3950 perdere.
1034 3909 1073 3917 -
1100 3871 1151 3946 17,
1176 3871 1196 3933 4
1218 3893 1273 3936 vo·

184 3971 312 4036 teretium
335 3976 495 4036 devocare.
509 4011 547 4022 -
568 3977 629 4038 Sat.
656 3977 684 4036 1:
712 3975 740 4048 l,
766 3975 807 4035 14
831 3976 985 4035 delassare
1009 3972 1121 4036 calent.
1136 4007 1174 4018 -
1190 3974 1219 4050 9,
1234 3975 1274 4037 39

184 4079 209 4138 si
231 4075 319 4139 colec
342 4083 432 4141 stare.
447 4115 486 4124 —
502 4077 530 4140 2:
547 4079 575 4152 7,
589 4077 629 4140 87
652 4076 757 4142 valeat
781 4079 901 4136 morari.
915 4111 956 4120 -
968 4077 1004 4137 A.
1018 4078 1053 4138 P.
1068 4071 1129 4135 305
1153 4081 1273 4137 acutum

185 4179 313 4240 reddere
332 4178 423 4244 valet.
438 4179 554 4243 -lrs
577 4179 678 4244 caluit
701 4181 726 4241 si
749 4180 903 4257 frangere.
918 4214 956 4224 —
981 4180 1078 4257 Epist.
1104 4175 1132 4238 2:
1159 4179 1188 4253 1,
1214 4177 1272 4243 201
1360 4225 1362 4230 .

185 4283 363 4362 pervincere
386 4281 540 4347 coaluere.
