3222 5044
410 445 450 512 28

448 611 482 670 R.
530 607 729 670 Accusativue
751 626 818 668 cum
842 607 914 680 int,
939 607 978 667 ed
1002 610 1116 670 nullum
1140 609 1265 670 verbum
1290 617 1464 688 revocatus,

365 711 526 788 quinquies
549 713 587 771 ab
611 713 748 784 Horatio,
773 715 805 770 ut
838 729 919 787 sape
942 730 961 770 a
983 711 1142 782 Cicerone,
1179 713 1358 790 plerumque
1394 735 1461 776 cum

366 814 516 889 particule
549 813 770 888 interrogativa
801 831 840 875 ne
874 831 1042 883 connexus,
1073 816 1113 875 ad
1137 815 1230 874 enimi
1253 817 1388 876 dolorem
1412 818 1463 876 vel

368 915 609 991 indignationem
633 917 683 974 vel
706 915 937 976 admirationem
960 917 1123 976 indicanda
1147 916 1318 978 adhibetur.
1353 919 1463 994 Neque

366 1035 442 1094 opus
465 1020 526 1089 est,
553 1023 586 1078 nt
608 1019 779 1093 complures
793 1016 818 1096 ¹)
848 1019 968 1090 volunt,
992 1019 1127 1095 suppleri
1154 1019 1392 1078 enuntiationem
1416 1038 1464 1080 re-

367 1123 488 1194 gentem
524 1120 617 1180 sicnt:
652 1137 754 1184 noune
788 1117 968 1200 indeptum,
991 1120 1108 1183 cetrum
1130 1118 1199 1183 cst?
1221 1139 1295 1182 uum
1317 1119 1465 1184 credibile

368 1217 438 1282 eoi?
460 1239 571 1284 uerene
592 1221 640 1283 ilo
661 1219 731 1285 cet?
745 1221 781 1295 ²).

452 1326 548 1402 Epod.
574 1323 604 1398 8,
631 1324 645 1385 l
673 1344 783 1404 rogare
806 1329 847 1386 te.
873 1359 912 1370 —
940 1324 989 1397 11,
1023 1325 1060 1388 11
1098 1329 1242 1388 contrane
1277 1327 1390 1386 luorum
1423 1327 1466 1386 nil

365 1429 468 1488 valere
492 1429 654 1490 candidum
681 1430 846 1506 ingenium.
866 1463 906 1474 -
930 1429 994 1490 Sat.
1021 1428 1047 1488 l:
1073 1428 1103 1501 9,
1129 1426 1169 1490 13
1194 1429 1342 1489 hunccine
1366 1430 1461 1490 solem

367 1537 427 1591 tam
452 1533 570 1610 nigrum
593 1551 775 1606 surrexe.-
792 1530 821 1593 2:
846 1531 876 1605 4,
899 1529 939 1594 83
963 1537 1014 1591 ten
1039 1533 1157 1610 lapides
1181 1534 1332 1593 lutulenta
1356 1535 1462 1592 radere

368 1636 471 1711 palme
493 1639 524 1695 et
552 1635 625 1695 dare
660 1637 773 1696 circum
807 1634 895 1697 illota
929 1627 1039 1699 to'ralie
1072 1640 1183 1696 vestes.
1206 1669 1249 1680 -·
1272 1633 1301 1698 8:
1326 1633 1367 1696 67
1391 1642 1460 1696 tene

369 1737 548 1813 torquerier.

444 2071 493 2154 ΙΙΙ.
547 2073 595 2156 lic
622 2076 701 2156 selu
735 2075 899 2188 infinitivo
934 2099 997 2180 pru
1032 2077 1237 2210 accusativo
1268 2097 1300 2158 c.
1328 2076 1386 2157 inl.

456 2287 492 2348 A.
538 2287 654 2366 Saepius
677 2307 767 2366 quem
791 2289 821 2349 in
846 2289 984 2350 oratione
1008 2291 1063 2350 sol.
1090 2291 1174 2351 verbi
1197 2287 1322 2352 dicendi
1342 2289 1465 2376 passiva

374 2392 472 2452 torma
505 2389 707 2470 personaliter
735 2411 802 2453 cum
831 2392 1000 2454 intudem
1027 2395 1057 2454 in
1082 2394 1269 2472 temporibus
1291 2413 1361 2456 cum
1377 2391 1463 2472 perf.

362 2493 481 2573 portic.
505 2494 685 2572 compositis
709 2497 748 2557 ab
772 2495 898 2556 Horatio
928 2500 1099 2574 usurpatur,
1124 2501 1216 2573 atque
1250 2497 1328 2556 adeo
1362 2493 1466 2558 solum

361 2596 538 2677 perfectum
553 2597 724 2678 participii
745 2599 789 2659 ita
810 2603 958 2658 versetur.
1003 2599 1122 2660 Deinde
1147 2616 1227 2658 more
1250 2601 1408 2674 poctarum
1432 2601 1464 2658 ct

368 2700 569 2760 recentiorum
597 2700 777 2776 scriptorum
812 2717 903 2760 voces
936 2699 1082 2762 credendi
1104 2705 1135 2761 et
1156 2697 1316 2762 narrandi
1332 2698 1465 2778 passive

363 2802 457 2863 diotae
481 2821 547 2862 oum
572 2819 649 2862 nom.
674 2805 705 2861 et
727 2799 780 2860 int.
805 2799 1036 2880 conjunguntur,
1061 2819 1127 2878 qum
1150 2802 1349 2862 conformatio
1373 2801 1465 2862 etiam

368 2904 453 2964 verbi
476 2901 672 2966 uenerandi
693 2903 822 2980 passivae
845 2903 948 2963 tormae
971 2904 1141 2980 subjicitur,
1171 2921 1238 2980 quae
1262 2905 1345 2982 apud
1368 2905 1464 2964 bonos

367 3011 508 3068 auctores
522 3006 632 3083 saepius
655 3004 898 3082 impersonaliter
919 3006 1007 3066 simul
1031 3024 1097 3066 euru
1111 3025 1175 3068 aco.
1190 3025 1215 3067 o.
1231 3006 1285 3067 int.
1298 3007 1420 3084 ponitur
1427 3005 1463 3078 ³).

367 3113 434 3172 Hoc
469 3113 594 3172 verbum
626 3112 775 3187 praeterea
808 3110 994 3170 rarissimum
1020 3115 1067 3172 est
1090 3111 1171 3189 epud
1205 3111 1392 3186 Ciceronem,
1427 3130 1462 3170 ac

365 3234 420 3294 pro
445 3233 480 3276 eo
504 3214 617 3292 saepius
639 3213 670 3273 in
694 3232 737 3273 or.
764 3215 820 3274 sol.
844 3217 946 3274 exstat
967 3213 1260 3297 commemorare⁴).

454 3316 510 3379 Od.
534 3314 563 3377 2:
589 3314 638 3389 19,
663 3313 703 3376 26
726 3315 845 3377 choreis
868 3318 969 3394 aptior
990 3315 1088 3399 (esse)
1112 3317 1220 3378 dietus.
1247 3351 1290 3362 -
1313 3314 1341 3378 3:
1366 3315 1417 3390 14,
1441 3317 1456 3376 1

367 3422 466 3482 dictus
489 3419 674 3496 petiisse-
687 3417 785 3493 Epist.
810 3419 839 3479 1:
865 3417 916 3492 15,
941 3421 960 3480 6
984 3419 1065 3480 dicta
1088 3419 1215 3482 elidere.
1229 3453 1265 3463 -ψ
1280 3420 1342 3480 Set.
1358 3415 1386 3478 2:
1400 3413 1463 3490 8,2

366 3523 464 3584 dictus
487 3517 551 3602 (es)
577 3523 693 3597 potare.
717 3553 758 3564 -
781 3519 817 3580 A.
843 3521 877 3582 P.
903 3518 964 3584 393
989 3521 1087 3583 dictus
1107 3519 1344 3585 lenire—394
1367 3524 1465 3585 dictus

366 3643 486 3686 movere
517 3627 548 3684 et
573 3624 692 3685 ducere.
718 3655 758 3667 -
781 3622 878 3698 Epist.
903 3621 932 3685 2:
960 3621 988 3696 1,
1013 3621 1074 3684 168
1108 3627 1297 3688 commoedia
1330 3625 1464 3686 creditur

365 3729 479 3788 habere
514 3725 666 3786 minimum
699 3723 827 3785 sudoris.
854 3757 893 3768 -
919 3721 975 3785 Od.
999 3720 1030 3785 3:
1054 3723 1104 3808 21,
1129 3725 1166 3788 11
1204 3732 1343 3788 narretur
1370 3727 1464 3804 prisci

435 3925 462 3993 1)
479 3927 639 3978 Kuehnerus
659 3929 694 3978 ad
714 3928 769 3978 (lic.
783 3928 862 3979 Tuso.
877 3929 900 3978 2:
911 3930 935 3991 9,
948 3931 990 3990 22,
1005 3929 1053 3980 ubi
1073 3930 1142 3980 elios
1161 3931 1355 3995 grammaticos
1374 3929 1464 3978 affert.

433 4017 461 4078 2)
479 4017 549 4065 Vide
576 4016 710 4080 Kruegeri
735 4031 848 4080 gramm.
876 4015 968 4081 5571:
989 4020 1012 4078 1,
1041 4018 1089 4081 qui
1108 4019 1293 4068 accusativum
1312 4031 1334 4068 c.
1353 4017 1403 4067 ini.
1423 4018 1464 4067 sic

364 4103 485 4168 positum
504 4118 564 4153 cum
584 4104 643 4154 solo
663 4105 820 4154 accusativo
839 4105 868 4153 in
886 4104 1135 4156 exclamationibus
1154 4111 1287 4170 usurpato
1308 4109 1461 4170 comparat.

433 4187 461 4257 3)
479 4191 591 4257 Madvig
610 4191 625 4257 5
645 4194 694 4241 227
714 4193 791 4241 Anm.
810 4194 835 4253 2,
854 4191 869 4258 ξ
889 4193 986 4244 1001).
1006 4193 1103 4244 Sohulu
1123 4193 1137 4260 ξ
1158 4195 1207 4244 392
1227 4195 1305 4245 unm.
1326 4196 1349 4244 1.

434 4275 461 4349 l)
480 4278 549 4329 Vide
569 4279 679 4330 Freund
697 4284 726 4330 et
743 4280 891 4334 Klotaium.
