3222 5044
427 435 468 506 24

469 595 526 661 Od.
551 594 580 660 2:
606 593 636 671 9,
660 593 702 660 22
723 597 885 663 cantemas
898 595 927 682 ¹)
960 599 1074 664 flumen
1106 603 1232 666 volvere
1267 605 1325 666 etc.
1349 635 1390 648 -
1412 599 1481 664 Sat.
1586 563 1587 568 ἵ

384 699 414 765 2ε
440 699 469 778 2,
494 697 513 763 5
537 701 563 762 si
587 701 655 780 quis
678 699 811 764 ediceret
833 720 955 780 mergos
977 721 1064 765 asses
1086 721 1197 766 suaves
1219 707 1326 784 (esse).
1374 705 1432 769 Od.
1447 703 1481 766 l:
1587 752 1588 755 η

383 803 413 882 5,
440 803 479 866 14
502 822 549 865 me
571 805 675 882 paries
696 803 817 868 iudicat
839 807 1044 884 suspendisse.
1060 841 1096 850 -
1112 807 1174 868 Sat.
1198 807 1226 870 l:
1251 806 1281 880 3,
1307 805 1369 869 122
1385 827 1480 887 quum

380 906 515 971 mineris
537 909 703 969 recisurum
730 913 770 970 te.
794 909 871 990 (Cic.
895 911 939 971 sio
964 914 1091 986 usurpat
1112 912 1238 972 verbum
1261 910 1480 990 minitaudffl).

383 1045 423 1058 -
449 1011 512 1073 Sat.
536 1009 569 1073 2.·
594 1008 622 1086 3,
646 1007 709 1074 225
731 1011 833 1075 uincet
866 1013 975 1074 stultos
1005 1013 1084 1072 ratio
1107 1018 1237 1091 nepotes
1260 1014 1394 1076 insanire
1418 1014 1482 1092 <sic

382 1133 451 1176 raro
474 1115 556 1192 apud
580 1111 668 1198 Cic).
690 1149 728 1161 -—
742 1113 806 1178 250
828 1115 854 1176 si
876 1115 1025 1193 puerilius
1048 1114 1126 1176 ratio
1150 1134 1218 1176 ease
1242 1115 1358 1179 eor'reeet
1374 1135 1480 1178 amare

381 1218 460 1292 (Cic.
485 1217 530 1278 sic
553 1219 647 1279 habet
669 1217 906 1296 convincere)³).
931 1253 971 1264 -
994 1216 1091 1295 Epist.
1116 1214 1146 1278 2:
1164 1215 1192 1290 1,
1214 1216 1274 1279 125
1292 1217 1318 1280 si
1333 1217 1478 1293 dashoc,

381 1319 485 1398 parvis
508 1337 630 1398 quoque
653 1323 744 1384 rebus
772 1340 883 1401 magua
900 1322 1004 1400 juvari
1027 1319 1091 1398 (Sic
1114 1319 1204 1381 etiam
1229 1321 1291 1383 Oic.
1327 1324 1419 1387 Tusc.
1448 1320 1478 1382 l:

386 1422 436 1496 11,
461 1419 566 1506 25)).
907 1413 910 1424 ’
1293 1409 1313 1482 ’.

436 1524 594 1603 Praecipue
607 1527 909 1588 animadvertendum
922 1530 979 1601 est,
991 1527 1118 1588 verbum
1129 1523 1298 1588 inducendi
1309 1527 1479 1605 (suethioe:

373 1625 610 1712 jramste'illa)‚·
622 1632 704 1708 quod
727 1631 757 1692 in
780 1649 873 1708 prosa
897 1629 1035 1691 oratione
1050 1629 1217 1690 secundum
1234 1629 1371 1704 regulam
1389 1649 1481 1690 accu-

382 1732 513 1794 sativum
536 1750 603 1792 cum
620 1733 795 1812 participio
811 1731 986 1814 presseritis
1008 1733 1171 1794 verborum
1195 1733 1363 1793 activorum
1387 1734 1477 1809 regit,

383 1852 443 1898 uuo
460 1836 528 1896 loco
545 1835 627 1912 apud
644 1835 801 1896 Horatium
825 1835 865 1895 ad
888 1833 1125 1896 simulitudinem
1149 1837 1309 1896 verborum
1333 1837 1477 1896 narrandi

384 1938 591 2000 accusativum
615 1954 683 1997 cum
706 1936 854 1999 infinitivo
877 1937 974 2015 sequi.
1009 1937 1060 1998 Sic
1083 1938 1176 1998 etiam
1191 1939 1273 2016 apud
1290 1938 1431 1999 Tacitum
1440 1937 1475 2010 ⁵).

470 2039 533 2102 Sat.
551 2037 579 2100 l:
600 2037 629 2113 2,
649 2035 687 2098 21
706 2058 795 2116 quem
818 2041 923 2102 fabula
936 2038 1064 2126 'inducit
1086 2041 1228 2102 miserum
1250 2040 1365 2102 vixisse
1391 2040 1478 2116 (Aui-

384 2143 635 2208 madvertendum
659 2147 716 2218 est,
740 2145 935 2222 participium
958 2143 1066 2207 cicens
1087 2139 1274 2224 desiderari)
1286 2141 1324 2218 ⁸).

470 2347 506 2435 2)
532 2349 740 2427 Elocutiones,
776 2368 843 2428 quae
876 2349 1054 2430 opinionem
1086 2348 1259 2426 exprimunt
1293 2348 1324 2409 et
1358 2351 1482 2428 podiioe

384 2453 592 2518 accusativum
616 2472 684 2514 cum
706 2454 856 2514 infinitivo
880 2453 1003 2516 habeut.

469 2557 566 2634 Epist.
593 2554 621 2616 l:
647 2555 697 2632 19,
720 2555 761 2619 44
784 2554 865 2638 fidis
900 2575 1024 2618 manare
1057 2553 1180 2631 pottioa
1215 2555 1306 2615 mella
1328 2558 1359 2615 te
1381 2554 1477 2614 solum

384 2658 493 2742 (etiam
516 2656 598 2735 apud
621 2658 756 2731 Livium3
781 2659 887 2736 optimi
911 2663 1053 2721 auctores
1088 2656 1196 2716 eodem
1230 2657 1320 2718 modo
1346 2657 1481 2716 ‘verbum

384 2757 561 2842 confidendi
583 2766 744 2838 usurpant)
752 2758 790 2842 ⁷).
804 2795 844 2805 -—
858 2761 890 2842 (1.
903 2762 932 2824 S.
947 2760 988 2823 74
999 2762 1064 2822 haec
1086 2759 1193 2820 Jovem
1218 2758 1333 2820 sentire
1356 2757 1484 2822 domurn

385 2880 473 2944 spem
494 2865 619 2942 reporto
643 2863 676 2938 (i.
701 2881 728 2923 e.
751 2881 835 2941 spem
869 2863 980 2938 habeo,
1016 2864 1132 2942 spero).
1158 2895 1197 2905 -
1221 2861 1284 2928 Sat.
1311 2859 1339 2921 l:
1365 2860 1395 2936 6,
1421 2859 1485 2924 130

457 3069 483 3136 1)
501 3069 620 3119 Verbum
638 3064 754 3120 canendi
765 3081 838 3132 saepe
853 3071 926 3138 apud
939 3071 1047 3122 Livium
1060 3070 1249 3120 accusativum
1268 3083 1328 3120 cum
1346 3066 1482 3116 infinitivo

384 3155 470 3206 habet
487 3157 564 3206 velut
584 3159 605 3204 l:
625 3155 649 3216 t,
671 3155 711 3204 10.
733 3181 762 3190 —
785 3155 826 3216 45,
846 3157 871 3207 d.

456 3259 483 3324 2)
501 3262 584 3312 Klotz
603 3264 632 3311 et
650 3227 779 3324 Georges

457 3363 485 3428 3)
502 3365 563 3416 Hoc
580 3363 701 3425 verbum,
721 3366 837 3415 eandem
855 3365 910 3414 vim
930 3363 1083 3425 continens,
1097 3377 1158 3414 oum
1176 3362 1315 3428 particula
1330 3362 1360 3412 ut
1377 3365 1406 3410 et
1420 3373 1485 3412 cou·
1588 3347 1589 3412 Ϊ

385 3451 509 3516 junctivo
529 3451 652 3501 sociatur
670 3451 727 3504 Sat.
748 3453 769 3500 l:
790 3452 814 3513 3,
835 3451 894 3499 115.

457 3556 486 3618 4)
503 3556 663 3606 Kuehnerus
683 3557 719 3606 ad
736 3556 809 3605 hunc
820 3556 923 3605 locum:
943 3552 1077 3604 «Verbum
1088 3553 1307 3618 dandiu,inquit‚
1326 3551 1485 3618 «proprium
1588 3553 1589 3606 j

387 3647 430 3694 est
448 3643 477 3692 in
496 3643 724 3708 philosophorum
743 3641 982 3708 disputationibus
1000 3655 1051 3704 pro
1069 3637 1259 3691 concedendum

458 3746 486 3814 d)
507 3748 574 3798 Vide
593 3747 714 3809 Draeger,
732 3745 824 3797 Ueber
843 3746 948 3810 Syutex
966 3746 1023 3795 und
1040 3739 1093 3795 Stil
1111 3745 1160 3794 des
1179 3743 1299 3795 Tacitus.

458 3853 486 3912 d)
505 3851 575 3901 Vide
594 3851 728 3901 Kochium
747 3856 777 3901 et
794 3852 964 3916 Kruegerum
982 3851 1017 3900 ad
1035 3851 1108 3900 huno
1125 3825 1225 3900 locum.

458 3954 486 4019 i)
503 3956 587 4006 Velut
615 3956 671 4007 Cic.
701 3958 741 4007 De
769 3958 813 4008 Or.
841 3960 863 4007 1:
883 3960 907 4018 5,
927 3955 970 4007 19.
993 3983 1021 3991 -
1042 3956 1083 4004 De
1102 3953 1161 4002 Fiu.
1183 3955 1204 4002 l:
1225 3953 1249 4013 8,
1269 3953 1301 4000 28
1325 3963 1357 3999 ac
1384 3947 1486 4011 saepius
1588 3917 1589 3964 3

388 4043 537 4106 (praeterea
556 4041 677 4107 quinque
701 4045 827 4108 exempla
845 4043 973 4094 Klotaius
992 4038 1138 4101 nominat).
1159 4065 1192 4076 -
1212 4039 1280 4088 Gaes.
1299 4039 1329 4086 B.
1350 4035 1380 4084 G.
1401 4037 1423 4083 1:
1444 4035 1486 4098 23,

388 4131 413 4179 3.
434 4156 465 4164 -·
485 4131 508 4178 2:
529 4129 570 4190 30,
590 4136 614 4180 2.
634 4158 666 4171 -
687 4133 709 4180 3:
729 4132 753 4191 9,
776 4137 799 4178 4.
821 4157 852 4164 -
872 4129 899 4176 4:
922 4129 963 4176 30.
983 4153 1015 4162 -
1036 4129 1058 4174 d:
1080 4128 1120 4186 39,
1139 4127 1163 4176 4.
1182 4149 1215 4162 --
1233 4124 1304 4186 Nep.
1325 4123 1396 4171 Mile.
1418 4123 1440 4179 1,
1462 4121 1484 4168 1.

389 4241 422 4252 -
442 4215 506 4267 Sall.
527 4216 586 4265 Cat.
609 4219 637 4266 11
660 4221 728 4267 extr.
750 4240 782 4250 -
803 4216 834 4265 17
853 4219 921 4266 extr.
943 4240 975 4250 -
994 4213 1055 4277 dog.
1075 4213 1117 4264 26.
1137 4237 1169 4248 -·
1187 4213 1245 4261 Liv.
1266 4211 1288 4260 4:
1310 4211 1352 4268 32,
1372 4210 1397 4257 6.
