3222 5044
373 425 414 497 22

268 591 272 600 ’
330 587 443 649 ctivum
466 584 651 668 ddpnoe)¹);
676 592 777 650 tamen
797 588 879 668 apud
896 588 1053 650 Horatium
1070 589 1255 667 adjectivum
1277 584 1428 668 iodipuus

328 707 398 751 oum
420 689 571 753 infinitivo
595 693 800 772 personaliter
833 691 1027 769 conjunctum
1061 692 1259 770 impersonali
1281 689 1428 752 locutioni

328 791 504 869 respondet.

417 893 473 956 Od.
499 891 528 955 3:
555 891 605 970 21,
631 896 670 958 16
700 897 815 958 moveri
850 897 953 974 digna.
977 931 1019 942 —·
1042 897 1106 958 Sat.
1131 897 1160 958 1:
1185 894 1215 970 3,
1240 891 1429 968 2411181111-

334 1014 395 1075 que
423 998 532 1058 notari.
557 1031 599 1042 -
621 996 652 1070 1,
677 994 696 1057 3
720 999 830 1074 dignus
864 1000 1005 1062 describi.
1028 1035 1070 1046 —-
1094 997 1135 1060 25
1162 977 1280 1075 culpari
1309 997 1429 1072 dignos.

333 1134 372 1144 -—
399 1099 449 1176 10,
475 1097 514 1160 12
538 1100 631 1175 digna
654 1101 773 1178 legi-
787 1103 884 1181 Epist.
911 1103 938 1164 1:
965 1102 1014 1178 10,
1038 1100 1079 1165 48
1101 1105 1211 1170 tortum
1229 1101 1322 1176 digna
1338 1097 1427 1173 sequi

330 1204 543 1282 potiusquam
568 1202 679 1264 ducere
703 1204 815 1266 turrem.
831 1205 921 1268 -Α,
944 1208 978 1266 Ρ.
1001 1202 1041 1267 83
1062 1206 1143 1266 intus
1167 1205 1260 1281 digua
1287 1202 1363 1279 geri.
1385 1235 1423 1244 -

330 1302 392 1367 283
414 1305 536 1382 diguam
559 1307 629 1383 lege
652 1309 728 1384 regi.
756 1343 793 1353 —
817 1310 914 1386 Epist.
940 1307 967 1368 l:
992 1304 1022 1378 3,
1047 1304 1087 1368 35
1110 1307 1229 1384 indigni
1258 1307 1423 1365 fraternum

330 1425 469 1484 rumpere
503 1406 612 1469 foedus
641 1406 677 1490 (i.
707 1427 734 1469 e.
767 1411 877 1487 quibua
905 1391 1066 1488 'indignum
1102 1406 1196 1492 (quos
1228 1426 1287 1469 non
1323 1407 1427 1477 docet)

265 1571 274 1585 ,
328 1513 493 1587 rumpere).
508 1510 597 1569 -Α,
622 1511 656 1570 P.
682 1507 744 1572 231
771 1513 889 1573 effutire
912 1515 997 1574 leves
1019 1512 1148 1590 indigna
1171 1509 1332 1587 tragoedia
1349 1508 1426 1584 (est)

329 1631 437 1674 versus
460 1613 589 1688 (Eodem
614 1614 703 1674 modo
726 1611 776 1676 hic
798 1614 885 1676 loeus
907 1616 1156 1693 interpretandus
1180 1613 1241 1694 est)
1253 1611 1289 1694 ²).

413 1764 449 1850 6)
472 1765 642 1828 Induitivus
664 1766 778 1842 passivi
801 1785 855 1844 pro
879 1767 987 1843 supino
1010 1768 1041 1828 iu
1063 1786 1086 1830 tc
1108 1767 1237 1831 cadente
1249 1762 1288 1847 ³).

415 1869 452 1932 A.
477 1870 511 1932 P.
539 1864 600 1928 163
631 1885 738 1928 cereus
765 1869 857 1929 flecti.
883 1903 922 1915 -
947 1869 1004 1932 od.
1029 1868 1058 1930 2:
1082 1869 1112 1944 l,
1145 1868 1181 1930 ll
1207 1868 1326 1930 leviora
1347 1865 1421 1925 tolli.

333 2009 371 2020 -
398 1972 426 2034 l:
453 1971 503 2050 19,
527 1967 546 2032 8
569 1969 704 2030 lubricus
728 1969 856 2047 adspioi.
881 2005 921 2015 —
945 1970 976 2032 4:
1002 1970 1031 2047 2,
1057 1968 1097 2035 59
1121 1973 1228 2034 niveus
1251 1968 1358 2029 videri.

416 2111 449 2173 (1.
495 2109 671 2170 Infinitivus
693 2107 845 2169 interdum
869 2111 951 2188 apud
974 2110 1131 2171 Horatium
1155 2108 1336 2170 insolentius
1356 2125 1424 2168 ver·
1456 2139 1459 2152 ·

331 2217 415 2276 satur
438 2217 471 2274 ut
493 2212 665 2290 appositio:
690 2212 785 2272 semel
809 2214 890 2289 apud
913 2229 1080 2290 pronomen
1102 2209 1161 2284 111,
1181 2212 1425 2288 quumsubstan·

330 2319 425 2378 tivum
442 2321 490 2377 est
505 2312 708 2391 supplendum
716 2337 724 2388 ;
750 2314 860 2375 deinde
885 2315 967 2392 apud
990 2318 1127 2377 neutrum
1151 2332 1249 2391 genus
1270 2311 1335 2390 loo,
1360 2315 1425 2373 sive

331 2422 396 2481 haec
419 2419 517 2481 forma
539 2416 727 2494 adjectivum
753 2417 947 2496 determinat,
972 2418 1036 2479 sive
1059 2418 1091 2478 in
1114 2417 1300 2478 nominativo
1316 2418 1354 2478 ad
1371 2435 1425 2476 no-

331 2541 399 2584 mon
432 2520 591 2599 praedicati
625 2537 658 2580 se
692 2519 827 2596 applicat
860 2520 917 2600 (ita
949 2525 1050 2581 tamen
1079 2537 1305 2598 nonnumquam
1339 2517 1424 2598 apud

331 2627 428 2687 bonos
451 2622 652 2700 auctores)⁴).
697 2621 756 2695 uui
786 2638 859 2683 usus
882 2641 921 2684 ex
945 2642 982 2684 eo
1005 2633 1118 2698 manat,
1143 2625 1225 2701 quod
1259 2623 1427 2684 infinitivus

332 2747 387 2806 pro
411 2726 601 2788 substantivo
624 2725 741 2785 verbali
765 2722 908 2788 habetur.

416 2829 504 2906 Hpod
528 2827 578 2904 16,
601 2826 639 2889 21
674 2827 757 2887 nulla
791 2829 944 2889 sententia
971 2829 1012 2890 sit
1045 2828 1146 2906 potior
1182 2827 1249 2903 hac,
1271 2828 1360 2910 ire⁵).
1386 2863 1426 2873 —

329 2934 427 3011 Epist.
453 2930 481 2993 l:
508 2929 537 3006 1,
560 2929 598 2994 61
625 2931 673 2992 hio
707 2946 809 2991 murus
844 2929 979 2990 aheneus
1013 2936 1093 2991 esto:
1128 2931 1169 2990 nil
1192 2932 1335 3008 conscire,
1355 2931 1426 3005 sibi,

330 3036 414 3097 nulla
435 3035 606 3113 pallescere
630 3033 729 3111 culpat.
744 3067 783 3077 -
796 3032 859 3094 Sat.
875 3033 904 3092 1:
920 3031 969 3110 10,
987 3028 1028 3107 59
1040 3034 1170 3110 pedibus
1194 3034 1266 3111 quid
1283 3035 1425 3095 claudere

330 3140 423 3212 aenis,
446 3138 505 3199 hoo
526 3142 642 3199 tantum
667 3139 837 3198 contentus.
858 3169 901 3181 —-
918 3133 1003 3196 11).
1019 3135 1080 3200 397
1104 3137 1162 3198 luit
1184 3136 1248 3198 haec
1272 3137 1426 3214 sapientia

331 3241 495 3319 quondam,
519 3239 643 3319 publiea
665 3239 786 3316 priuata
809 3257 971 3301 secernere
995 3245 1053 3302 oto.
1099 3239 1251 3322 (quinque
1285 3239 1426 3300 infinitivi

331 3339 519 3426 versantur).

417 3483 455 3542 D.
500 3480 592 3542 Nullo
628 3478 696 3540 loco
730 3479 811 3556 apud
844 3477 1002 3540 Horatium
1030 3479 1210 3542 infinitivum
1234 3481 1440 3543 substantivo
1540 3447 1552 3540 ,1
1604 3517 1607 3526 ,

334 3584 473 3662 exposito
497 3583 691 3662 conjunctum
714 3580 828 3642 inveni.
858 3583 938 3643 Nam
962 3581 1075 3648 dedat.
1089 3579 1117 3642 2:
1133 3583 1161 3656 2,
1178 3581 1237 3646 123
1251 3581 1426 3648 deduceret
1471 3605 1473 3614 ⁴
1552 3637 1557 3664 ,

331 3703 528 3718 μ-

401 3773 426 3834 1)
444 3771 573 3822 Kiihnast
590 3782 653 3832 pag.
672 3767 732 3819 alt.

400 3861 427 3920 2)
445 3857 515 3907 Vide
534 3856 668 3906 Kochium
687 3859 716 3904 et
733 3854 902 3918 Kruegernm
922 3853 958 3903 ad
975 3854 1026 3907 hoa
1044 3859 1128 3908 locos.
1232 3858 1234 3861 ’

402 3945 430 4006 3)
450 3945 598 3994 Petersaon
616 3957 678 4005 pag.
698 3942 730 3989 46
750 3945 778 3990 et
796 3943 908 3991 Kumlin
921 3942 969 4000 ,ΙΙΙ
987 3959 1050 4008 pag.
1070 3945 1111 3994 93.

401 4031 429 4092 4)
450 4031 505 4080 err.
523 4029 657 4092 Madvigii
674 4043 787 4091 gramm.
807 4027 822 4093 ξ
842 4029 900 4080 388.

401 4115 429 4181 5)
447 4118 612 4168 Hahlcnantn
631 4120 660 4166 et
678 4116 768 4166 Ritter
786 4130 881 4166 uocem
904 4112 1034 4169 eontentid
1053 4117 1088 4166 ad
1107 4118 1218 4166 verbum
1236 4109 1286 4167 111
1304 4115 1424 4178 intelligi

329 4205 434 4256 volunt.
