3222 5044
1112 433 1207 498 ,17

158 591 297 650 versatur
319 589 350 650 et
373 603 411 650 en
434 588 528 652 verbo
551 585 712 654 instillare
734 587 858 669 pendet,
887 589 967 652 unde
990 587 1094 652 nescio
1116 607 1155 652 an
1177 603 1248 654 rer·

156 693 261 768 gmati,
286 693 367 768 quod
390 696 526 768 vocatur,
550 711 610 755 von
633 693 780 754 ''reterre”
803 693 951 754 sumenda
973 689 1064 774 sit1).

243 842 279 928 5)
302 847 400 908 Petita
423 851 454 906 et
477 847 663 908 recentiores
683 847 858 923 scriptores,
880 848 1051 925 exemplum
1075 846 1249 910 Graecorum

156 948 263 1021 secuti,
298 949 448 1009 infinitivo
484 968 538 1026 pro
557 953 596 1012 rut
618 967 685 1009 cum
709 947 989 1027 conjunctivo*(vel
1022 967 1249 1029 nonnumquam

155 1048 235 1114 oolc.
250 1069 312 1112 acc.
337 1051 419 1133 ger.)
436 1054 517 1130 apud
540 1053 635 1113 verba
660 1053 794 1123 utuntur,
818 1070 886 1128 quac
908 1052 1090 1127 significant,
1114 1049 1249 1130 aliquem

157 1155 250 1231 opert
275 1154 354 1214 alius
372 1155 583 1228 commoveri,
606 1161 639 1216 ut
662 1172 723 1214 rem
754 1153 878 1216 efficiat.
924 1155 970 1214 Ex
1005 1155 1114 1231 quibus
1146 1157 1249 1218 verbis

155 1274 192 1316 eo
217 1257 305 1317 modo
330 1258 411 1333 apud
434 1258 593 1319 Horatium
617 1256 824 1317 inveniuntur:
850 1253 1021 1331 concedere,
1043 1251 1249 1332 honoriam-

148 1356 280 1439 pellere,
296 1358 463 1440 imperare,
475 1378 599 1424 mouere
612 1377 678 1419 cum
693 1359 860 1436 composito
873 1357 1049 1430 admouere,
1057 1359 1247 1438 permittere.

156 1463 234 1522 Boni
257 1466 397 1523 auctores
413 1462 495 1540 apud
521 1461 670 1538 eJ'nsmodi
693 1444 787 1522 verina
798 1459 833 1522 ut
845 1481 911 1521 cnm
925 1459 1118 1537 conjunctivo
1136 1481 1248 1524 normas

157 1565 376 1625 convenienter
399 1566 523 1638 habent,
548 1569 650 1624 tamen
673 1564 824 1625 interdum
836 1564 1015 1623 infinitivum
1030 1570 1155 1641 ponunt,
1168 1585 1246 1643 prae·

158 1668 261 1728 sertim
285 1669 343 1728 nisi
367 1668 419 1747 qui
442 1668 608 1745 impellitur
630 1665 840 1744 nominatur²)
864 1667 961 1744 (velut
975 1667 1046 1726 ‘Gic
1071 1669 1109 1728 tle
1132 1669 1198 1730 Fin.
1218 1666 1246 1729 l:

158 1769 210 1844 20,
225 1771 416 1833 (tu-sul.
439 1771 508 1846 Jug.
535 1767 583 1830 19.
611 1802 645 1812 -
668 1769 734 1830 Cat.
761 1768 777 1829 l
803 1771 906 1848 extu),
931 1773 1023 1846 atque
1049 1769 1141 1829 ctiam
1162 1769 1248 1847 apud

159 1875 315 1951 passivum
337 1874 424 1934 verbi
447 1869 638 1936 concedendi.

242 1977 279 2038 Α.
304 1979 339 2038 Ρ.
365 1973 426 2037 373
451 1976 654 2036 mediocribus
667 1991 735 2036 esse
751 1974 852 2052 pottis
870 1961 930 2034 non
948 1973 1097 2048 homines,
1122 1993 1181 2036 non
1206 1975 1248 2050 eli,
1273 1979 1279 1990 “

157 2099 217 2140 555
237 2098 419 2161 ¹‹torreessere
442 2081 597 2140 columna.
612 2113 653 2122 -
665 2079 763 2155 Epist.
784 2075 812 2136 1:
827 2075 857 2150 5,
873 2075 912 2137 1‘2
925 2095 984 2154 quo
998 2077 1071 2136 milri
1085 2077 1247 2154 fortunam,

157 2186 181 2243 si
206 2203 264 2244 non
288 2181 462 2247 conceditur
486 2182 551 2241 uti?
576 2215 615 2225 -
642 2180 670 2254 l,
695 2179 735 2242 69
758 2179 899 2240 Fortuna
922 2185 953 2240 tc
976 2169 1157 2258 responsare
1174 2179 1248 2243 luor-

156 2288 252 2348 tutor.
278 2321 319 2331 -
343 2286 398 2348 ot.
424 2283 453 2347 3:
483 2283 512 2358 l,
538 2281 577 2347 13
600 2287 633 2344 ut
655 2285 798 2343 Proetum
821 2282 929 2342 mulier
951 2283 1067 2360 perlida
1088 2277 1250 2364 irrpuulcrr‘t

155 2370 386 2466 Bellerophonti
409 2393 561 2448 maturare
584 2403 700 2455 necem,
725 2384 828 2444 refert.
842 2419 880 2430 —-
894 2386 991 2462 Epist.
1018 2386 1047 2445 l:
1071 2383 1101 2462 5,
1126 2383 1163 2449 21
1182 2386 1248 2448 haec

155 2509 214 2568 ego
238 2510 402 2569 procurare
425 2491 563 2570 imperor
586 2487 721 2568 (politice
745 2487 857 2548 dictum
881 2506 950 2564 pro:
976 2488 1049 2548 mihi
1072 2489 1248 2567 imperatur,
1310 2566 1311 2574 ἵ

155 2598 189 2654 ut
212 2595 276 2655 heac
300 2601 485 2672 procurem).
509 2625 551 2642 -
575 2591 673 2662 (ianm.
691 2591 759 2652 See.
777 2589 796 2651 5
811 2589 954 2668 Sibyllini
975 2609 1121 2654 monuere
1143 2611 1251 2654 versus

157 2696 291 2772 virgines
323 2698 421 2758 lectas
456 2713 628 2774 puerosque
657 2699 758 2754 castos
782 2693 884 2755 dicere
908 2710 1039 2756 carmen.
1066 2729 1105 2741 -
1129 2697 1192 2758 Sat.
1218 2694 1247 2757 l:

158 2797 187 2871 6,
213 2794 252 2857 95
276 2816 323 2858 me
346 2799 391 2858 iro
414 2797 586 2861 admonuit.
600 2831 639 2842 -
654 2795 683 2857 2:
712 2794 742 2872 3,
768 2793 829 2858 189
852 2796 948 2856 inulto
971 2794 1028 2876 (ei)
1053 2798 1155 2860 dicere
1171 2817 1248 2879 poer-

156 2899 253 2963 rrritto.
279 2901 366 2977 (Cic,
389 2902 480 2976 Nep„
503 2901 570 2960 Liv.
594 2919 674 2974 raro,
699 2900 774 2962 Ores.
799 2897 978 2979 numquam)
1002 2901 1025 2977 ).

243 3003 379 3064 Eandem
400 3003 474 3078 vim,
497 3020 587 3078 quam
609 3003 705 3062 verba
727 3001 938 3062 commovendi
961 3005 992 3060 et
1015 3001 1157 3078 cogendi,
1179 3019 1250 3080 par-

156 3095 278 3182 tieipia:
303 3103 459 3178 addictur,
482 3105 676 3180 nontermino,
698 3101 867 3166 damnatus
880 3103 1048 3181 continent,
1062 3120 1157 3180 quare
1169 3104 1252 3182 apud

157 3210 314 3269 Horatium
337 3209 518 3269 infinitivum
541 3211 660 3284 regunt.

242 3311 338 3387 Epist.
364 3309 392 3372 l:
419 3310 448 3384 1,
476 3309 515 3372 14
537 3310 650 3371 nullius
686 3309 827 3370 addictus
852 3307 958 3385 jurare
982 3309 1014 3368 in
1036 3310 1131 3371 verba
1154 3311 1250 3387 magi·

157 3411 212 3471 stri
224 3409 263 3492 ⁴).
288 3446 330 3458 -
352 3415 415 3476 Sat.
440 3413 470 3476 2:
496 3413 525 3490 l,
549 3409 599 3474 58.
628 3407 669 3474 59
691 3411 745 3474 uri·
766 3412 861 3490 virgis
889 3412 1032 3491 ferroque
1062 3413 1165 3474 necari
1198 3430 1252 3473 au-

161 3549 358 3560 --.-.—.—

229 3617 257 3678 1)
276 3617 331 3667 Otr.
350 3619 527 3670 Franciecum
544 3621 634 3670 Ritter
654 3621 779 3670 adhunc
797 3621 896 3671 locum.

226 3705 254 3760 2)
275 3704 384 3754 Schultz
405 3705 419 3769 §
440 3707 489 3755 385
509 3708 586 3756 Anm.
606 3708 630 3754 2.
649 3707 761 3770 Madvig
779 3706 794 3772 ᾗ
814 3708 865 3757 990
883 3709 960 3758 Anm.
980 3710 995 3757 4
1015 3712 1043 3759 et
1064 3709 1087 3756 5.

227 3790 255 3851 3)
275 3790 402 3840 Kiihnast
420 3805 482 3854 pag.
502 3793 562 3842 253.
599 3793 714 3856 Georgo.

227 3875 256 3941 t)
274 3877 396 3926 Kochius
414 3877 444 3926 in
463 3891 511 3946 eno
530 3878 620 3927 lexico
648 3879 801 3931 Horatiano
831 3880 909 3940 dicit,
927 3879 980 3930 lnoc
1005 3881 1068 3928 loco
1088 3892 1147 3927 esse
1168 3880 1254 3927 attra-
1274 3885 1278 3892 '

157 3965 276 4014 ctionem
295 3979 358 4027 pro:
383 3960 471 4013 «nulli
487 3963 528 4012 ita
547 3963 675 4012 addictus
693 3963 827 4030 moptetro,
846 3971 878 4016 ut
895 3967 925 4015 in
935 3957 1088 4028 verba'ejus
1098 3963 1211 4026 jurem»,
1223 3964 1254 4013 id

159 4051 232 4113 quod
251 4050 447 4100 conferendum
466 4053 509 4098 est
528 4063 588 4098 cum
609 4049 663 4100 Cio.
684 4053 761 4102 Tusc.
780 4055 803 4100 2:
823 4055 847 4112 2,
867 4053 882 4101 5
902 4053 999 4115 «quasi
1019 4052 1124 4115 addicti
1142 4055 1171 4100 55
1189 4066 1253 4101 555-

161 4138 262 4186 socrati
280 4142 344 4188 sunt
362 4152 448 4201 eaque
467 4137 634 4186 necessitate
654 4139 807 4200 constricti,
826 4143 857 4188 ut
876 4140 968 4200 etium,
989 4155 1048 4204 quae
1068 4153 1123 4190 non
1136 4138 1259 4203 probare

160 4225 277 4285 soleant,
297 4239 330 4276 ea
350 4229 484 4289 cogantur
503 4225 669 4277 constantiae
689 4239 772 4278 cauea
791 4227 965 4279 defenderes

1172 4317 1187 4365 3
