3222 5044
401 387 439 452 12

358 545 414 608 od.
440 544 469 606 3:
495 545 524 620 5,
549 542 590 607 30
614 563 669 606 nec
691 548 783 608 curat
805 546 976 623 reponi—
992 549 1088 625 Epist.
1103 547 1131 608 l:
1149 547 1198 620 17,
1216 549 1257 610 53
1280 569 1343 620 nco,
1359 553 1452 612 ecerat

356 649 506 710 attollere.
519 682 561 694 —-
574 647 602 708 2:
629 647 735 725 2,182
758 654 806 710 cst
828 652 879 728 qui
903 669 961 712 non
984 655 1076 714 curet
1099 652 1223 714 habere,
1235 689 1274 699 -
1288 653 1324 714 A.
1340 657 1373 716 P.
1390 651 1451 716 133

358 770 414 813 noc
436 749 565 816 curabis
587 753 725 814 reddere.
750 787 791 798 -
814 750 874 816 297
904 773 962 814 nou
986 772 1105 830 ungues
1127 773 1241 832 ponere
1264 759 1366 829 curat,
1390 775 1451 817 uon

359 855 494 914 barbam.
517 889 559 900 -
582 854 645 917 460
667 874 726 916 non
751 855 791 916 sit
814 855 865 931 qni
888 856 995 916 tollore
1021 859 1116 918 curet.

441 959 521 1036 Huic
544 961 637 1021 verbo
661 959 786 1020 curandi
810 960 889 1020 idem
914 961 1083 1019 declaranti
1099 960 1180 1036 quod
1198 961 1345 1037 cogitare,
1359 979 1450 1038 quum

360 1060 537 1136 affirmatur,
560 1067 623 1124 tum
648 1065 755 1125 Cicero
778 1064 933 1140 ceterique
957 1064 1029 1124 boni
1051 1068 1203 1136 auctores,
1227 1070 1260 1126 ut
1284 1067 1364 1142 quod
1387 1070 1450 1127 stu·

357 1163 439 1224 dium
464 1165 614 1242 designet,
649 1167 827 1243 plerumque
850 1166 1016 1244 particulas
1037 1170 1082 1241 ut,
1105 1185 1144 1228 ue
1166 1187 1233 1228 cum
1256 1165 1450 1246 conjunctivo

359 1269 484 1330 addunt.
508 1269 560 1330 Sin
583 1272 684 1330 autern
708 1269 877 1330 enuntiatio
899 1273 1039 1345 negatur,
1062 1272 1187 1330 verbum
1211 1271 1337 1331 curandi
1360 1271 1451 1332 etiam

359 1372 388 1430 in
414 1390 457 1432 or.
482 1373 538 1432 soi.
561 1372 653 1448 vulgo
677 1373 855 1432 infinitivum
880 1371 973 1432 habet
986 1369 1020 1445 ¹).
1044 1371 1140 1446 Quem
1163 1373 1307 1434 Horatius
1329 1374 1451 1450 quidem

359 1475 471 1552 ubique
495 1475 565 1535 huic
588 1476 683 1534 verbo
706 1475 854 1547 attribuit,
877 1493 936 1534 uno
959 1476 1026 1535 loco
1051 1479 1180 1564 excepto
1204 1474 1275 1552 (Od.
1299 1475 1325 1535 l:
1342 1473 1392 1550 38,
1406 1476 1452 1554 6),

364 1577 425 1648 ubi,
451 1578 509 1638 etsi
532 1596 592 1638 vox
615 1576 739 1638 curandi
763 1581 900 1654 negatur,
925 1579 1007 1638 solus
1030 1578 1241 1654 conjunctivus
1256 1577 1451 1650 invenitur2).

449 1680 506 1743 Od.
531 1678 559 1742 3:
575 1678 604 1754 8,
618 1679 659 1741 24
670 1679 862 1744 meditantur
874 1681 993 1742 cedere.
1006 1716 1047 1728 -
1061 1679 1112 1754 25,
1137 1679 1156 1740 6
1180 1680 1334 1744 meditans
1356 1682 1453 1742 stellis

361 1787 506 1858 inserere,
532 1820 570 1830 -
596 1785 625 1846 4:
651 1785 702 1860 12,
727 1782 766 1846 23
790 1805 850 1845 non
873 1790 903 1846 te
927 1786 1086 1846 immunem
1109 1783 1241 1849 meditor
1263 1787 1391 1864 tingere.
1413 1820 1451 1832 -

362 1889 425 1950 Sat.
449 1889 479 1953 2:
503 1886 533 1966 3,
557 1886 618 1949 263
643 1908 682 1948 an
704 1887 832 1952 mediter
853 1889 960 1949 finire?

446 1993 616 2055 Infinitivus
634 2047 636 2054 Α
651 1993 742 2054 etiam
777 1993 857 2070 apud
880 1993 1057 2054 Ciceronem
1082 1994 1200 2054 duobus
1223 1992 1298 2052 locis
1321 1997 1352 2052 et
1373 1993 1448 2068 Nep.

361 2094 455 2172 Ager.
480 2094 509 2170 4,
535 2093 552 2156 1
576 2099 715 2156 versatur
728 2094 764 2168 ³).

449 2198 506 2261 Ori.
531 2199 559 2258 1:
586 2198 669 2274 7,17
692 2203 840 2263 cremento
862 2201 958 2262 finire,
972 2235 1014 2244 -
1027 2199 1056 2261 2.·
1071 2196 1132 2272 3,1
1152 2202 1299 2262 coemento
1322 2215 1455 2262 servare.

364 2337 403 2348 -
429 2301 479 2376 17,
509 2298 546 2363 31
572 2302 701 2364 reddere
724 2302 863 2366 victimas
885 2305 1091 2366 memento-
1117 2299 1146 2363 3:
1171 2300 1221 2376 29,
1246 2297 1286 2364 32
1309 2304 1457 2364 memento

366 2423 558 2482 componere.
575 2439 610 2447 —-
637 2405 699 2464 Sat.
726 2405 755 2466 2:
779 2404 809 2476 4,
836 2403 874 2466 12
896 2407 1044 2467 cremento
1067 2422 1191 2484 ponere.
1218 2439 1256 2448 -
1281 2402 1456 2466 seducere

364 2509 520 2570 memento.
544 2542 583 2552 -
609 2506 637 2579 5,
662 2505 702 2567 52
725 2509 858 2568 abnuere
882 2510 913 2567 et
935 2526 1091 2569 removere
1113 2510 1271 2570 accumulo.
1298 2541 1336 2550 —
1361 2504 1391 2578 6,
1415 2503 1456 2564 37

367 2613 505 2684 orabant,
541 2611 737 2674 erementanos
771 2611 891 2671 reverti.
917 2645 955 2656 -—
979 2613 1076 2688 Epist.
1101 2611 1129 2674 1:
1154 2609 1184 2685 8,
1210 2609 1249 2671 16
1272 2613 1456 2688 praeceptum

363 2714 420 2774 hoc
447 2714 596 2774 instillare
621 2716 776 2776 ααααθαίο,

451 2818 506 2892 Od.
532 2815 560 2881 2:
576 2818 627 2894 12,
641 2815 681 2878 28
704 2837 812 2894 rapere
830 2821 967 2898 occupet.
980 2854 1012 2862 -
1024 2818 1054 2880 4:
1069 2817 1109 2882 23
1123 2819 1292 2900 trepidauit
1304 2819 1457 2880 claudere.

404 2932 406 2936 ·
450 2921 513 2982 Sat.
538 2921 567 2982 2:
593 2920 622 2992 4,
648 2919 688 2982 92
712 2938 800 2997 quem
824 2921 938 2982 vidisse
961 2926 995 2981 tu
1016 2940 1080 2985 αοα
1102 2919 1396 3003 decerpendum).
1433 2943 1435 2956 ·

445 3006 477 3088 j)
499 3009 601 3069 Verba
624 3005 770 3070 cessandi
792 3012 823 3067 et
845 3007 1001 3078 morandi,
1026 3028 1116 3086 quum
1140 3014 1299 3087 negantur,
1316 3007 1460 3067 Horatius

365 3111 515 3170 interdum
551 3127 618 3172 cnm
653 3111 801 3171 infinitivo
831 3112 995 3185 connectit,
1020 3113 1125 3190 quiin
1150 3131 1192 3173 or.
1217 3113 1272 3173 sol.
1297 3128 1458 3185 numquam

367 3213 431 3272 fore
456 3213 537 3289 apud
562 3229 599 3272 ea
622 3217 769 3273 versatur.

451 3314 507 3377 Od.
532 3313 562 3378 3:
587 3313 638 3391 27,
653 3315 692 3376 58
716 3317 788 3392 quid
813 3317 887 3376 mori
910 3318 1202 3394 ecstasi-Epist.
1228 3316 1256 3377 l:
1282 3315 1311 3388 7,
1337 3315 1375 3376 ts
1399 3335 1458 3378 non

363 3423 473 3483 cesset
488 3421 614 3482 laudare
638 3419 703 3502 (Sic
726 3421 816 3479 etiam
841 3421 904 3480 Oic.
928 3421 1020 3482 Attio.
1046 3421 1095 3496 11,
1120 3422 1183 3496 11).
1203 3453 1241 3464 -·
1269 3418 1377 3493 19,10
1401 3439 1458 3480 uon

364 3539 524 3585 cessavere
557 3528 655 3599 poetae
689 3526 835 3582 nocturno
871 3529 986 3583 certare
1021 3540 1118 3594 mero,
1150 3528 1255 3598 putore
1280 3523 1397 3583 diurno.
1421 3557 1453 3566 —

363 3626 460 3702 Epod.
486 3624 536 3700 16,
559 3623 599 3685 24
622 3629 717 3685 ratem
742 3643 891 3702 occupare
916 3623 988 3700 quid
1010 3625 1193 3686 morantur?
1217 3622 1241 3704 ).

368 3755 564 3764 -——....—0-

439 3814 466 3874 l)
485 3813 596 3874 Madvig
615 3811 629 3876 §
650 3812 709 3860 389.
747 3813 777 3860 G.
798 3811 826 3859 T.
844 3811 875 3859 A.
894 3811 1001 3876 Kriiger
1025 3811 1195 3861 Grammatik
1222 3813 1271 3862 der
1298 3811 1459 3862 lateinische

371 3900 498 3963 Sprache.
535 3899 683 3949 Hannover
703 3899 777 3947 1842.
814 3899 842 3948 11
862 3897 876 3962 §
896 3899 946 3946 560
966 3913 990 3947 a.
1009 3899 1100 3959 Klotz,
1121 3899 1254 3948 Cavalliu.

444 3989 472 4051 2)
491 3988 561 4038 Vide
579 3989 744 4038 Fahicrantu
764 3988 799 4036 ad
817 3987 888 4036 hunc
906 3988 1005 4037 locum.

436 4078 464 4137 3)
482 4077 551 4126 Vide
569 4077 717 4128 Klotnium.

437 4164 465 4226 4)
486 4165 540 4213 Cir.
554 4165 618 4214 Sall.
630 4165 688 4214 Cat.
700 4165 730 4215 17
750 4177 862 4228 prorsus
881 4179 969 4228 neque
989 4165 1080 4213 dicere
1099 4175 1186 4225 neque
1205 4163 1297 4210 fecere
1317 4160 1464 4222 quidquam

359 4251 439 4314 pensi
458 4251 586 4300 habebat.

434 4343 463 4403 5)
482 4341 584 4394 Morari
603 4341 686 4391 alicui
704 4343 807 4392 bellum
825 4342 928 4391 inferre
948 4340 1003 4390 Cic.
1024 4337 1163 4406 (corallio
1182 4340 1203 4384 te
1223 4334 1350 4396 George).
