3222 5044
394 385 435 452 26

437 542 472 631 5)
495 548 598 611 Verba
630 545 796 630 effectuum
830 547 861 612 in
894 549 1031 612 oratione
1054 549 1156 613 soluts
1178 550 1354 613 soeusstivo
1378 570 1456 614 eum

352 647 500 712 infinitivo
524 653 669 714 eerentie.

438 754 494 818 Od.
519 756 548 818 1:
566 753 596 830 5,
620 755 638 818 6
664 757 723 820 hen
746 758 867 836 quoties
899 759 989 821 iidem
1012 757 1155 840 (supplez
1191 757 1354 842 mutatum)
1381 778 1451 822 mn-

352 861 493 934 tstosque
527 859 601 922 deos
635 861 733 942 (esse)
751 859 843 942 flebit
856 859 893 943 ¹).
920 895 955 905 -
982 862 1079 939 Epist.
1108 861 1135 921 l:
1162 860 1211 935 17,
1236 859 1276 922 56
1300 864 1449 924 catellam

353 965 471 1038 raptem
504 961 603 1044 (esee)
637 964 695 1024 eibi
721 962 909 1043 17611113.-
938 961 986 1032 15,
1012 963 1030 1024 7
1055 965 1139 1025 vieno
1171 964 1265 1046 qeotit
1298 966 1450 1042 sulphura

353 1066 515 1126 contemni.
540 1099 578 1110 -
602 1066 699 1143 Epist.
724 1063 753 1127 2:
781 1065 809 1138 1,
834 1063 897 1128 224
928 1063 1140 1128 lamentamur
1160 1068 1282 1128 labores
1305 1086 1364 1128 non
1388 1087 1448 1145 ep·

353 1185 471 1243 perere.
496 1203 535 1214 -
562 1168 589 1228 l:
615 1165 666 1242 17,
692 1167 732 1229 54
766 1170 872 1230 oistem
908 1170 1062 1230 effractam
1097 1171 1128 1228 et
1162 1171 1311 1233 subduots
1345 1175 1446 1249 (esse)

353 1269 466 1331 viatica
482 1267 601 1350 plorat.
617 1305 653 1314 -
679 1268 708 1332 2:
735 1271 764 1347 1,
788 1271 807 1334 9
824 1270 994 1352 ploravere
1016 1270 1152 1332 ie'vorem
1175 1290 1236 1332 non
1259 1275 1447 1350 respondere

352 1374 477 1436 meritis.

439 1481 740 1542 Commemoreudum
761 1483 809 1539 est
821 1482 858 1542 de
873 1479 928 1542 Od.
943 1478 971 1540 2:
987 1477 1037 1554 13,
1057 1478 1098 1542 30
1109 1480 1270 1544 mirantur
1282 1484 1445 1562 eorumque

352 1583 463 1659 dicere,
487 1583 665 1644 infinitivum
689 1601 743 1659 pro
767 1585 928 1661 participio
944 1583 1105 1660 praeeeutis
1117 1583 1299 1660 (dicentem)
1315 1583 1440 1647 versari.

352 1691 430 1750 Nem
466 1688 497 1748 in
531 1705 605 1748 vooe
639 1684 800 1747 mirentur
834 1687 883 1748 hio
913 1687 992 1748 inest
1022 1687 1119 1746 notio:
1144 1683 1444 1748 cumadmiratione

353 1789 488 1854 oudinet
500 1787 538 1871 ²).

438 1922 475 2010 o)
498 1925 699 1988 Aeonsetivus
722 1943 789 1986 eum
812 1923 961 1986 infinitivo
985 1925 1116 2002 subjecti
1136 1927 1203 1987 loeo
1228 1927 1267 1988 ed
1283 1927 1373 1987 verbu
1392 1923 1436 1984 in-

355 2033 489 2092 solenter
511 2030 727 2108 impersonnlin
748 2029 916 2106 appositus.

438 2135 534 2212 Epist.
550 2132 578 2194 1:
592 2133 622 2208 1,
635 2130 673 2194 81
699 2133 763 2195 esto
786 2133 864 2192 aiios
885 2133 954 2192 aliis
971 2136 1067 2212 ¹rebue
1090 2133 1260 2209 studiisque
1283 2132 1392 2194 teneri.
1405 2165 1446 2177 -

355 2238 410 2301 Od.
435 2235 464 2296 2:
490 2234 541 2308 17,
566 2235 585 2297 2
608 2253 665 2295 neo
694 2233 741 2296 dis
770 2235 906 2298 amioum
933 2237 978 2299 est
1007 2252 1063 2295 neo
1093 2234 1165 2293 mihi
1188 2239 1218 2294 te
1241 2235 1325 2312 prins
1360 2235 1445 2295 obire

353 2340 423 2423 (eir.
447 2341 479 2400 id
503 2327 595 2416 quod
608 2337 707 2400 Graeoi
732 2337 850 2398 dieunt:
875 2333 974 2416 φίλον
996 2332 1069 2398 ἐστί
1088 2355 1164 2415 μοις
1186 2337 1359 2398 Latinorum
1377 2353 1442 2394 seu-

353 2461 440 2503 moue
463 2444 638 2518 usurpetur:
664 2435 781 2519 pieeet)
807 2442 831 2516 ).
846 2473 884 2484 -
899 2441 962 2500 Set.
988 2439 1016 2500 2:
1042 2438 1071 2515 2,
1095 2435 1137 2501 30
1160 2441 1315 2515 deceptum
1338 2433 1440 2518 (esee)

353 2550 383 2604 ts
398 2545 489 2623 potet
511 2542 625 2624 (Etiam
649 2543 712 2603 Cio.
737 2543 829 2602 Tuse.
856 2541 883 2601 1:
909 2539 960 2616 23,
985 2541 1048 2618 54).

439 2693 474 2781 7)
497 2699 543 2758 De
567 2695 707 2755 universo
736 2712 792 2754 usn
819 2694 1068 2757 conformationis
1096 2673 1257 2757 aeouse'tivi
1286 2713 1353 2754 eum
1377 2694 1442 2754 infi-

355 2801 449 2862 nitivo
484 2800 638 2876 eonjuneti
671 2799 751 2876 apud
784 2798 953 2873 Horatium,
987 2817 1078 2876 quum
1112 2802 1172 2862 aiio
1201 2799 1290 2860 verbo
1314 2798 1442 2875 regitur,

352 2904 416 2964 haee
440 2903 632 2964 observande
654 2901 809 2962 videntur:
1366 2975 1368 2980 Ι

438 3009 469 3084 a)
494 3007 560 3066 Uno
584 3006 651 3066 loeo
681 3004 832 3080 objectum
868 3005 1049 3066 substantivi
1085 3012 1115 3066 et
1150 3003 1342 3067 aecusativus
1377 3019 1441 3062 oum

353 3110 499 3170 infinitivo
523 3108 562 3167 ed
586 3108 666 3167 idem
690 3107 814 3168 verbum
838 3107 1019 3169 reseruntur.

346 3329 468 3398 junctioo
496 3336 635 3392 annectat,
664 3345 744 3394 quum
768 3332 797 3380 in
816 3345 854 3382 or.
876 3333 925 3383 sol.
943 3331 1016 3395 iuste
1036 3332 1209 3384 eeensetivus
1229 3345 1290 3380 eum
1308 3326 1443 3378 infinitivo

352 3419 517 3483 postuletur,
537 3417 590 3467 etsi
608 3421 682 3466 recte
703 3417 806 3478 dicunt,
830 3433 907 3467 usum
926 3420 1124 3482 particulorum
1143 3419 1224 3480 vulgo
1245 3417 1319 3480 apud
1337 3415 1444 3478 po'etss,

357 3509 403 3571 qni
422 3507 586 3556 infinitivum
604 3505 776 3568 frequentius
796 3511 936 3569 usurpent,
957 3509 1129 3571 aliquantum
1150 3505 1317 3556 circumcidi.

424 3596 479 3646 Sat.
501 3597 522 3643 1:
542 3595 566 3654 4,
587 3596 634 3642 121
654 3589 767 3654 jubebat,
786 3595 816 3644 ut
834 3596 953 3645 facerem
973 3597 1047 3658 quid.
1067 3598 1133 3643 -2z
1153 3596 1177 3653 3,
1198 3593 1247 3642 187
1266 3604 1300 3642 ne
1318 3591 1379 3655 quis
1397 3589 1443 3637 hu·

354 3699 443 3734 messe
461 3684 529 3733 velit
547 3682 666 3745 Ajacem,
693 3684 765 3732 oetas
783 3681 845 3731 our?
875 3709 904 3718 -
934 3685 1021 3746 Epist.
1041 3686 1064 3732 2:
1086 3686 1108 3744 1,
1128 3684 1178 3732 239
1197 3683 1289 3731 edicto
1308 3677 1395 3736 oenoe,
1413 3688 1445 3726 ne

353 3772 460 3834 quisse
487 3775 588 3834 praeter
606 3769 729 3833 Apellem
757 3770 891 3833 pingeret.
920 3767 988 3834 (Cir.
1009 3771 1064 3820 Set.
1086 3774 1106 3820 l:
1127 3773 1150 3831 4,
1171 3769 1240 3836 124).
1263 3797 1292 3804 -
1314 3767 1363 3816 Od.
1383 3766 1438 3822 M,

352 3859 384 3906 26
411 3855 508 3918 vetabo),
537 3858 633 3921 qui-
657 3884 686 3893 --
709 3884 749 3919 -‚
777 3858 827 3906 sub
855 3857 942 3907 isdem
969 3856 1004 3908 eit
1030 3859 1156 3908 trabibus
1183 3857 1363 3920 fragilemque
1390 3865 1443 3900 me·

351 3961 411 3996 oum
437 3945 523 3998 soleat
541 3947 682 4010 phaselon.
704 3973 736 3983 -
756 3947 843 4010 Epist.
865 3949 886 3995 1:
908 3949 947 4007 16,
959 3948 991 3998 70
1011 3963 1051 4011 sq.
1070 3946 1128 3998 sime
1141 3949 1240 4012 poscet
1258 3946 1369 4006 aretque
1387 3946 1440 3992 eto.

354 4035 498 4097 (quattuor
517 4035 685 4098 conjunctivi
705 4035 875 4098 sequuntur).
896 4061 928 4070 -
949 4037 989 4096 17,
1010 4038 1042 4084 32
1060 4034 1117 4086 eine
1135 4033 1205 4085 odeat
1221 4035 1340 4096 ineptus.

423 4142 449 4202 l)
468 4139 537 4189 Vide
555 4141 666 4190 Kumiin
686 4140 721 4188 ad
741 4141 811 4188 hune
829 4140 928 4188 locum.

420 4243 447 4314 2)
465 4246 534 4294 Vide
556 4246 590 4294 ad
609 4247 681 4295 hunc
700 4247 790 4294 looum
809 4245 1124 4312 Fehlcuantn,Kum1in‚
1144 4246 1288 4295 Koehium.

1564 1174 1569 1192 .

1568 1199 1569 1220 i
