3222 5044
1184 381 1224 448 13

262 543 298 626 k)
321 548 475 606 Praeterea
498 545 790 606 commemorandum
815 565 882 606 esse
906 547 1035 620 videtur,
1053 545 1177 606 verbnm
1201 563 1267 606 coe·

169 646 263 730 pisse
286 649 435 709 interdum
459 649 540 725 apud
563 649 719 709 Horatium
745 653 776 708 ut
799 649 996 726 aliospolitas
1015 647 1268 728 inactivalprma

177 767 243 808 oum
279 751 400 827 passivo
437 751 584 812 infinitivo
608 750 761 828 conjungi.
807 753 887 812 Illud
909 757 1010 812 autem
1034 752 1158 820 verbum
1183 767 1267 808 num-

177 869 266 927 quam
290 838 371 929 apud
395 854 457 914 Oio.
482 858 512 912 et
535 855 622 926 Gaea,
637 873 705 914 raro
728 855 951 931 apollinium,
965 855 1030 915 nisi.
1046 854 1156 932 saepius
1180 851 1267 911 simul

176 973 242 1015 cnm
266 956 413 1017 infinitivo
430 955 516 1038 fieri,
530 959 610 1034 quod
633 960 758 1018 verbnm
782 958 903 1035 proprie
926 977 985 1018 non
1010 963 1056 1018 est
1068 956 1220 1034 passivum
1230 950 1267 1033 ¹),

176 1064 229 1118 aut
250 1059 275 1120 si
298 1061 463 1122 infinitivus
486 1062 600 1137 passivi
623 1061 682 1120 vim
707 1041 882 1122 rellexivam
906 1061 1008 1122 habet.
1043 1061 1090 1120 Ne
1114 1065 1175 1116 tum
1199 1055 1267 1132 qui·

176 1161 242 1222 dem
268 1163 299 1222 id
323 1165 401 1240 apud
425 1165 652 1241 praestantiores
675 1169 815 1225 auctores
839 1181 920 1239 saepe
944 1159 1133 1241 versatum).

229 1306 234 1312 ·
261 1267 357 1343 Epist.
382 1267 411 1326 1:
437 1266 487 1340 15,
512 1263 552 1326 27
575 1267 672 1346 coepit
694 1269 800 1328 haberi
815 1267 841 1341 ³)
864 1269 1073 1350 urbanua-
1097 1263 1126 1327 2:
1153 1267 1181 1340 l,
1207 1263 1267 1324 149

171 1368 261 1442 jocus
285 1369 382 1450 coepti
403 1370 480 1430 verti
504 1370 587 1446 (pro:
612 1388 645 1430 se
668 1367 805 1452 vertere)
830 1373 853 1448 ).
878 1404 917 1414 -
941 1369 977 1428 A.
1000 1371 1034 1429 P.
1059 1368 1100 1428 22
1122 1367 1269 1444 amphora

174 1470 271 1550 coepit
292 1471 417 1531 institui.
441 1507 483 1516 —-
507 1470 569 1533 210
591 1471 688 1550 coepit
712 1472 828 1548 placari
853 1473 976 1533 Genius.

261 1578 285 1653 l)
309 1577 410 1638 Verbo
429 1575 583 1656 perpendi
606 1576 749 1636 Horatius
772 1577 888 1638 dnobus
911 1577 987 1636 loeis
1003 1577 1182 1636 infinitivum
1196 1576 1267 1634 sub·

171 1677 249 1754 jicit,
273 1680 302 1738 id
326 1681 408 1756 quod
432 1680 538 1741 Gioero
563 1680 669 1752 rarius,
692 1679 798 1738 Livius
820 1680 931 1756 saepius
955 1676 1077 1760 facim).

260 1782 317 1845 Od.
344 1781 372 1842 2:
388 1781 439 1858 18,
455 1781 494 1844 16
518 1802 603 1843 novae
620 1785 759 1862 perperat
782 1784 905 1843 interire
930 1785 1017 1843 lunae.
1037 1818 1076 1828 -
1101 1783 1163 1844 Sat.
1189 1783 1217 1856 l:
1239 1780 1266 1850 1,

172 1886 232 1948 102
250 1887 362 1967 peryle
385 1906 575 1964 componere.

266 2023 300 2112 2)
324 2029 493 2090 Infinitivns
516 2049 584 2090 raro
608 2030 689 2106 apud
712 2029 882 2106 praeoipuos
905 2033 1045 2088 auctores
1069 2029 1174 2088 solutae
1199 2045 1266 2086 ora-

173 2130 265 2190 tionis
298 2133 395 2191 locum
430 2134 558 2214 subjecti
592 2133 719 2204 obtinet,
739 2132 813 2208 ¹nisi
837 2131 876 2190 ad
898 2148 966 2192 esse
988 2149 1055 2192 cnm
1080 2129 1264 2190 nominativo

175 2235 331 2311 praedicati
355 2235 484 2312 positum
509 2243 540 2294 et
562 2237 655 2296 verba
679 2235 801 2312 proprie
825 2235 1052 2310 impersonalia.
1099 2234 1157 2293 Sed
1185 2233 1265 2308 apud

174 2315 332 2396 Horatium
357 2337 521 2396 infinitivus
544 2339 634 2396 etiam
660 2338 698 2397 ad
723 2336 867 2396 nonnulla
889 2339 984 2395 verba
1000 2341 1032 2395 ut
1047 2335 1263 2414 impersonalia

174 2456 210 2497 eo
235 2440 323 2498 modo
348 2441 520 2516 apponitur,
544 2458 610 2516 qnae
626 2439 655 2496 in
674 2457 764 2515 prosa
787 2439 924 2498 oratione
948 2440 1038 2514 vulgo
1063 2437 1265 2514 personaliter

174 2541 313 2601 dicuntur
336 2546 389 2601 aut
411 2541 488 2600 alias
511 2541 767 2602 conformationes
801 2543 960 2601 verborum
995 2541 1160 2618 postulant.
1207 2539 1263 2612 Qui

175 2645 280 2704 eodem
304 2645 393 2704 modo
417 2645 596 2706 insolenlIus
620 2647 659 2705 ad
683 2646 812 2705 dicium:
849 2644 1008 2706 iclrrnioam
1031 2647 1076 2706 cst
1098 2641 1197 2706 olicai
1219 2647 1264 2700 at-

176 2764 234 2822 que
258 2748 297 2806 ad
320 2748 416 2805 solum
440 2746 564 2807 verbum
589 2766 655 2809 ease
678 2749 881 2824 impersonale
905 2747 1034 2807 additur.

261 2852 293 2926 a)
317 2848 487 2908 Infinitivus
512 2849 681 2924 subjectum
705 2851 865 2909 verborum
881 2851 909 2908 in
924 2869 967 2912 or.
981 2852 1035 2910 sol.
1049 2848 1263 2926 personalium.

260 2952 322 3012 Sat.
348 2948 376 3008 2:
405 2948 433 3025 5,
459 2947 499 3010 73
522 2950 616 3012 uincit
640 2953 724 3028 (pro:
749 2956 888 3028 praestat3
914 2953 967 3010 cfr.
985 2957 1110 3035 κρατεῖ)
1124 2949 1150 3028 ⁸)
1175 2952 1264 3026 longe

173 3055 257 3133 prins
293 3055 390 3133 ipsum
425 3071 602 3130 expugnare
635 3060 735 3132 caput„
761 3089 799 3097 -
825 3055 920 3131 Epist.
949 3053 975 3114 1:
1003 3055 1052 3126 17,
1077 3051 1127 3116 33.
1153 3049 1193 3114 34
1217 3072 1266 3113 res

242 3264 268 3320 ll
289 3261 449 3311 Kuehnerus
469 3261 504 3310 ad
528 3261 582 3310 Oia.
602 3261 679 3309 Tuso.
701 3263 722 3308 l:
744 3262 783 3320 13,
803 3259 844 3310 30.

242 3347 269 3414 2)
287 3351 406 3412 Draeger,
426 3349 598 3398 Historisehe
617 3349 721 3411 Syntax
740 3363 801 3412 pag.
825 3349 967 3399 137-140.
1005 3349 1085 3410 Apud
1105 3347 1264 3396 Ciceronem

174 3437 283 3499 quidem
301 3453 351 3500 pso
370 3438 507 3486 infinitivo
526 3437 638 3500 passivi,
658 3437 684 3486 vi
704 3437 834 3486 reflexiva
852 3437 980 3499 praedite,
1001 3432 1265 3500 «afflantura'nffuso.

174 3525 196 3571 3:
216 3524 258 3582 27,
278 3525 321 3586 66)
339 3526 492 3588 profertum
513 3525 586 3588 apud
605 3525 765 3595 Sallustium
784 3521 908 3589 cooperio
928 3527 956 3572 et
975 3520 1113 3573 coloceri.»

244 3609 271 3676 3)
289 3611 392 3660 Eodem
420 3613 501 3662 modo
521 3612 595 3676 apud
614 3613 772 3662 Sallustium
791 3612 931 3661 infinitivi:
963 3608 1073 3666 «Ῑιαὸθνί,
1101 3607 1178 3661 ducit>
1206 3624 1265 3658 uum

174 3700 265 3749 activa
293 3701 382 3748 forme
411 3699 514 3764 occepi»
544 3701 691 3760 sociantur,
721 3702 769 3750 sed
799 3693 872 3763 apud
893 3701 1051 3749 Ciceronem
1077 3713 1136 3747 cum
1155 3698 1267 3761 passiva

172 3789 293 3852 «coeptus
310 3799 385 3837 sumu
405 3787 544 3850 lDraeger)‚
565 3803 645 3850 quam
663 3789 710 3837 ille
729 3789 783 3836 nisi
796 3803 849 3836 uno
863 3789 923 3837 loco
935 3784 1009 3852 (Jug.
1022 3787 1066 3847 27)
1077 3801 1131 3834 non
1150 3791 1266 3848 usurpat

170 3861 302 3938 (fflstling,
321 3890 382 3939 pag.
403 3877 457 3932 24).

241 3961 270 4025 4)
290 3963 442 4026 Numquam
479 3962 532 4011 nisi
560 3967 625 4025 post
662 3963 842 4012 Horatianam
872 3965 982 4011 aetatem
1010 3962 1096 4024 magis
1134 3962 1266 4011 usitatum

171 4052 288 4114 (Klotz).

241 4143 264 4198 a)
283 4141 352 4190 vice
371 4121 517 4189 undenum.

243 4225 269 4297 6)
288 4227 387 4279 Kochii
405 4229 526 4276 Lexioon
545 4225 736 4277 Horatianum.
774 4225 856 4277 Melie
876 4229 896 4274 c
916 4225 1070 4274 Gumaclius.
