3222 5044
1159 461 1200 531 23

147 625 240 708 culpo
260 621 420 708 mnqrsero
440 626 560 707 potore,
585 625 737 687 ubi-unus
761 627 792 686 et
814 625 894 690 alter
916 625 1022 688 censet
1046 639 1114 686 esse
1140 639 1243 684 exem·

147 732 228 808 plum
253 729 395 790 infinitivi
418 747 473 806 pro
496 730 640 806 genetivo
670 727 811 806 gerundii
834 746 902 791 cum
936 728 1138 789 substantivis
1172 745 1244 787 oon·

147 833 233 906 nexi3
269 832 360 894 facile
384 835 431 890 est
457 830 626 904 intellectu,
663 830 844 893 infinitivum
868 850 935 892 esse
960 831 1132 908 subjectum
1157 828 1244 890 verbi

150 937 221 999 erat
236 933 272 1011 ¹).
308 933 422 995 Contra
444 935 654 995 observandus
677 952 746 994 esse
760 933 882 995 videtur
894 934 1060 994 infinitivus
1073 951 1112 993 ex
1135 933 1243 993 eodem

149 1039 314 1115 verboque
329 1035 482 1113 objectum
496 1037 680 1097 substantivi
698 1037 780 1114 apud
793 1035 952 1096 Horatium
966 1053 1047 1113 saepe
1060 1031 1242 1113 pendeus2).

234 1139 289 1202 Od.
322 1141 350 1202 1:
383 1137 411 1211 1,
443 1137 482 1200 19
511 1139 576 1210 Est,
606 1138 659 1215 qui
694 1157 751 1200 nec
773 1172 815 1182 -
832 1134 951 1216 pocula
981 1155 1037 1199 nec
1062 1127 1101 1184 -’
1124 1135 1244 1200 amere

147 1244 273 1320 spernit.
298 1277 337 1288 —-
362 1239 392 1314 2,
417 1239 457 1304 50
479 1239 529 1302 hio
552 1237 739 1319 triumphos,
765 1240 815 1300 hic
838 1258 923 1300 ames
946 1237 1009 1302 dici
1031 1244 1128 1318 pater.
1150 1275 1187 1284 -
1213 1236 1242 1298 2:

149 1344 198 1418 16,
223 1342 263 1406 38
288 1343 362 1404 mibi
383 1362 478 1420 parva
501 1361 583 1405 roro
605 1347 637 1402 et
662 1341 813 1421 spiritum
847 1341 948 1420 Grajae
983 1343 1123 1404 (lamense
1146 1344 1244 1402 Parca

149 1449 234 1508 dedit
269 1450 299 1506 et
332 1465 480 1526 spernere
513 1447 634 1522 vulgus.
660 1477 699 1489 -
721 1445 818 1522 Epist.
844 1445 871 1506 l:
898 1444 926 1520 7,
951 1441 991 1506 25
1020 1447 1131 1507 reddes
1164 1446 1244 1507 forte

149 1549 247 1620 lotos,
281 1549 383 1625 nigros
415 1545 561 1626 supellec,
588 1549 699 1610 reddes
722 1549 810 1609 dulce
835 1545 921 1626 loqui
943 1553 1001 1609 etc.
1026 1583 1068 1594 —·-
1092 1547 1120 1608 1:
1146 1545 1176 1618 8,
1204 1545 1243 1608 16

148 1653 273 1729 primum
294 1648 447 1732 paudere,
471 1649 599 1710 subinde
619 1653 815 1730 pracceptum
841 1650 988 1711 auriculis
1011 1651 1069 1712 hoo
1092 1651 1242 1710 instillare

148 1757 307 1814 memento.
334 1787 372 1798 -
397 1752 434 1813 A.
459 1754 494 1812 Ρ.
523 1747 584 1812 323
610 1752 712 1830 Grajis
746 1752 918 1832 inpertiam,
956 1753 1059 1831 Grsjis
1082 1753 1168 1812 dedit
1191 1770 1243 1813 ore

148 1858 276 1920 rotrrndo
300 1857 389 1919 Musa
413 1853 507 1936 loque.

232 1977 268 2038 Ε.
315 1975 474 2053 Proprium
499 1979 656 2052 poetarum
680 1977 737 2048 est,
762 1975 941 2036 infinitivum
965 1993 1004 2036 ex
1027 1975 1244 2053 prepositione

143 2083 266 2158 praeter
288 2078 434 2155 pendere.
481 2078 574 2155 Cujus
597 2079 640 2139 rei
664 2081 754 2140 udum
779 2079 951 2154 exemplum
982 2078 1062 2154 apud
1086 2079 1243 2138 Horatium

149 2185 299 2242 versatur.

234 2283 295 2345 Sat.
320 2281 349 2342 2:
375 2281 405 2351 5,
431 2278 471 2341 69
495 2281 632 2344 inveniet
665 2284 709 2345 nil
744 2283 803 2344 sibi
836 2283 970 2358 legatum
1003 2288 1100 2357 (esse)
1123 2285 1245 2364 preter

139 2385 281 2466 plorare.
505 2383 506 2388 ’

232 2503 351 2570 Audet.
396 2506 432 2564 In
467 2523 511 2564 or.
547 2503 604 2567 sol.
639 2522 801 2582 numquam
836 2505 1002 2565 infinitivus
1036 2507 1244 2584 praepositioni

148 2610 294 2686 adjicitur
316 2609 375 2668 nisi
398 2608 428 2666 in
456 2607 645 2670 elocutione:
675 2607 806 2672 interest
839 2607 921 2670 iuter
945 2608 1030 2667 velut
1051 2610 1097 2669 De
1121 2609 1187 2668 Fin.
1213 2606 1242 2668 2:

152 2709 202 2785 13,
226 2709 278 2772 43.
967 2729 972 2736 ⁸

356 2993 391 3072 ΙΙ.
446 2992 495 3074 lle
520 2994 728 3077 decusatim
757 3015 834 3077 cunr
862 2997 1039 3084 inunitiro.

229 3201 267 3262 Α.
301 3205 349 3265 De
373 3204 624 3277 conformatione,
650 3223 716 3281 quae
740 3211 876 3280 vocatur,
900 3210 1079 3271 accusativo
1103 3227 1170 3270 oum
1195 3212 1242 3269 in-

146 3305 263 3366 finitivo
299 3305 352 3366 alii
386 3311 481 3369 verbo
516 3307 708 3383 subjicienda
743 3308 823 3369 haud
859 3312 983 3374 multum
1013 3314 1141 3373 interest
1164 3312 1244 3373 inter

146 3406 305 3468 Horatium
330 3413 361 3469 et
384 3411 575 3473 Ciceronem.
610 3410 671 3470 Sed
695 3416 796 3472 tamen
819 3413 872 3473 ille
891 3417 929 3476 ad
955 3417 1123 3476 orationem
1145 3415 1243 3490 magis

148 3508 322 3570 distinctam
356 3514 544 3574 reddendam
580 3514 730 3574 vocabula
765 3533 847 3592 saepe
880 3519 1024 3591 adhibet,
1060 3536 1127 3595 quae
1162 3517 1242 3576 idem

147 3613 229 3688 quod
252 3615 346 3674 verba
361 3615 391 3674 in
408 3618 546 3678 oratione
564 3617 664 3677 soluta
686 3611 800 3678 usitata
826 3620 1010 3699 significant,
1035 3621 1091 3684 sed
1115 3619 1242 3680 fortiora

145 3719 178 3776 et
200 3717 343 3777 uberiora
367 3721 445 3776 sunt.

235 3850 268 3938 l)
291 3855 441 3932 Exempla
452 3857 682 3930 vocabulorum,
698 3876 765 3934 quae
778 3864 847 3919 sunt
859 3863 961 3923 verbis
973 3860 1095 3925 dicendi
1105 3860 1242 3920 finitima.

216 4060 243 4120 1)
261 4061 331 4110 Vide
349 4061 483 4110 Kochium
503 4067 531 4112 et
549 4063 718 4128 Kruegerum
738 4062 863 4130 adhunc
881 4061 980 4110 locum.

215 4144 241 4210 2)
261 4147 316 4197 Otr.
336 4147 400 4196 Sall.
422 4148 481 4197 Cat.
501 4150 516 4196 6
536 4151 672 4200 «avaritia
691 4149 858 4212 superbiam,
878 4149 1079 4212 crudelitatem,
1108 4152 1175 4200 deos
1194 4167 1241 4200 ne-

140 4233 255 4296 gligere,
276 4235 368 4284 omnia
386 4235 496 4286 venalia
514 4236 615 4288 habere
635 4237 770 4286 edocuit.»
