3222 5044
429 371 470 432 10

377 545 476 608 parce
499 529 571 588 dare
587 529 633 611 (in
656 540 748 606 prosa
773 533 926 594 oratione:
953 550 990 592 nc
1014 532 1173 608 nolueris).
1188 566 1226 576 -·
1241 529 1270 592 3:
1284 534 1315 606 8,
1329 530 1367 592 26
1377 551 1491 610 parce
1577 567 1578 570 κ

328 629 331 636 ’
382 650 492 697 cavera
520 631 628 714 (ctiam
651 635 718 694 Liv.
743 633 794 697 34:
820 634 872 710 32,
906 641 940 696 nt
962 637 1083 696 Freund
1107 637 1137 696 in
1161 655 1215 698 sno
1239 637 1338 698 lexico
1361 634 1487 718 affert).

383 769 422 779 -
447 733 475 796 2:
503 733 551 808 11,
580 731 616 795 13
639 737 783 802 remittas
814 757 949 816 quaerere
973 740 1109 816 (verbum
1135 737 1311 802 remittendi
1334 757 1399 800 cum
1423 739 1489 800 inf,

381 837 515 898 sociatur
537 838 610 898 Sall.
633 841 669 902 Β.
692 841 761 918 lug.
787 839 854 924 52).

466 950 500 1018 g)
535 941 694 1018 Quendam
728 965 794 1007 cum
819 947 921 1008 verbis
943 946 1060 1007 fastidii
1084 948 1297 1024 cognationem
1320 947 1416 1006 verba
1439 945 1485 1006 15-

380 1045 484 1109 rnerrdr'
517 1039 640 1121 habent,
676 1067 802 1126 quorum
833 1051 914 1128 apud
948 1034 1214 1127 praestantissimos
1247 1053 1387 1110 auctores
1410 1051 1484 1126 ple·

380 1168 505 1227 rumque
527 1151 637 1228 ,solum
670 1152 787 1227 cereri,
824 1171 914 1230 quum
943 1153 1023 1214 idem
1050 1154 1133 1214 valet
1156 1154 1237 1229 quod
1260 1171 1318 1214 non
1343 1154 1481 1227 andore3
1581 1167 1582 1174 ¹

380 1273 449 1315 raro
473 1255 530 1315 hoc
553 1255 642 1314 modo
665 1273 773 1316 cancre
796 1261 827 1316 et-
849 1255 957 1318 timere
968 1257 1056 1316 simul
1069 1273 1136 1316 oum
1150 1255 1297 1315 infinitivo
1311 1259 1479 1333 ponuntur.

378 1358 439 1418 Sed
463 1357 606 1418 Horatius
639 1375 698 1417 non
733 1358 829 1418 solum
862 1359 926 1420 liaeo
957 1359 1052 1420 verba
1079 1359 1123 1419 sic
1146 1359 1359 1438 usurpat,scd
1382 1359 1477 1418 etiam

380 1460 442 1524 alia
463 1462 648 1538 propinqua:
664 1456 858 1540 formidare,
882 1464 1024 1536 metuero,
1041 1459 1290 1541 perhorrescere.
1316 1461 1382 1522 Uno
1406 1462 1478 1522 loco

379 1564 544 1626 infinitivus
574 1581 629 1640 pro
661 1551 812 1640 paiticula
846 1584 884 1627 ae
918 1576 986 1626 cum
1009 1564 1203 1642 conjunctivo
1227 1564 1370 1641 copulata
1392 1565 1476 1640 apud

379 1668 503 1728 verbum
528 1667 681 1728 metuendi
705 1667 867 1728 invonitur.

464 1771 498 1831 A.
523 1772 558 1831 Ρ.
583 1767 644 1831 168
667 1773 753 1833 caret
775 1771 972 1832 commisisse.

463 1874 553 1952 Apud
581 1874 738 1934 Horatium
767 1893 917 1950 nusquam
947 1874 1004 1934 nisi
1028 1874 1088 1946 hic,
1111 1874 1193 1951 apud
1217 1874 1393 1934 Ciceronem
1419 1875 1471 1950 (ad

378 1979 440 2039 Art.
465 1975 494 2038 3:
520 1975 570 2052 17,
584 1975 614 2052 3,
639 1982 671 2038 ut
694 1978 833 2039 Klotzius
857 1978 943 2057 dicit)
967 1983 997 2039 et
1019 1978 1193 2038 Sallustium
1217 1975 1302 2059 (lug.
1327 1975 1383 2054 64)
1406 1978 1469 2036 inii-

377 2083 490 2144 nitivus
523 2082 710 2159 adjungitur,
744 2083 798 2144 scd
821 2082 989 2159 saepissime
1007 2081 1091 2158 juste
1114 2100 1153 2144 rre
1175 2099 1241 2141 cnm
1266 2081 1471 2158 conjunctiuo,

380 2201 470 2262 quum
495 2185 621 2246 verbum
644 2185 774 2245 cavendi
797 2189 909 2246 metum
934 2185 1068 2244 denotat.

462 2288 519 2352 Od.
544 2285 651 2363 1:8,8
675 2307 727 2349 our
747 2287 832 2350 timet
855 2290 1002 2364 tangere?
1017 2323 1055 2332 -—
1075 2285 1105 2348 3:
1120 2285 1171 2360 24,
1190 2284 1229 2347 56
1252 2287 1357 2346 venari
1373 2285 1467 2348 tr'rret.

378 2429 416 2439 -
435 2393 497 2454 aas.
523 2392 551 2453 l:
581 2390 610 2465 4,
635 2388 675 2451 23
710 2389 847 2453 timentis
882 2390 1021 2452 recitare.
1056 2425 1098 2434 -
1130 2389 1227 2466 Epist.
1255 2385 1379 2462 1:5‚2
1409 2407 1465 2447 000

376 2514 486 2558 ocnaro
521 2493 685 2558 110100-
709 2493 737 2576 7,
761 2492 782 2554 4
804 2497 953 2570 aegrotare
981 2491 1101 2556 timenti
1115 2491 1149 2566 ¹).
1173 2527 1216 2536 -
1240 2491 1291 2566 19,
1315 2489 1353 2551 21
1378 2488 1468 2551 timui
1587 2571 1588 2578 ἵ

376 2605 502 2660 mutare.
526 2632 568 2642 -
592 2595 620 2658 2:
648 2597 677 2674 l,
701 2596 762 2659 114
786 2596 886 2657 navim
910 2611 1002 2671 agero
1026 2587 1121 2658 timet.
1135 2628 1174 2638 -
1200 2593 1238 2656 Α.
1251 2596 1286 2656 Ρ.
1305 2592 1363 2656 110
1384 2592 1466 2656 timet

375 2703 428 2766 uti.
453 2735 494 2746 —-
517 2698 580 2762 455
603 2700 709 2763 timeat
730 2700 869 2776 tetigisse
884 2695 921 2780 ²).

460 2807 557 2883 Epist.
583 2805 611 2868 l:
635 2804 686 2880 19,
710 2803 751 2864 46
774 2804 898 2865 naribus
922 2802 966 2864 uti
979 2798 1134 2881 formida.
1181 2803 1295 2879 (Etiam
1319 2823 1378 2864 nno
1402 2805 1469 2864 loco

376 2911 456 2988 apud
468 2910 648 2970 Ciceronem
672 2914 702 2967 et
724 2907 792 2968 Liv.
806 2906 837 2968 9:
852 2903 894 2967 34
917 2906 1010 2966 verbo
1033 2903 1266 2986 resorrrr'darrdi
1287 2906 1468 2969 infinitivum

375 3012 495 3089 subjici,
519 3011 659 3072 Klotuius
682 3014 788 3070 auctor
811 3010 882 3086 est).
985 3089 987 3096 y

461 3116 516 3178 Od.
544 3113 573 3176 2:
598 3113 628 3189 2,
654 3114 672 3174 7
694 3115 843 3176 metuente
866 3112 953 3172 solvi.
978 3146 1020 3156 -
1042 3109 1072 3172 3:
1098 3110 1128 3184 9,
1155 3110 1191 3171 11
1223 3127 1277 3188 pro
1312 3128 1373 3185 qua
1406 3128 1466 3169 non

374 3223 509 3284 recturam
539 3219 623 3280 mori.
649 3251 687 3262 -
713 3217 765 3292 ll,
790 3215 831 3278 10
853 3215 961 3278 arctant
990 3215 1084 3291 tangi.
1109 3249 1146 3257 -
1173 3210 1222 3284 14,
1249 3211 1288 3273 15
1312 3230 1368 3272 nec
1392 3216 1467 3275 mori

375 3326 458 3400 (proz
484 3340 521 3382 ne
544 3321 670 3397 moriar)
684 3316 712 3399 3,)
734 3321 879 3380 taetrum.
893 3353 932 3362 -
946 3315 976 3377 4:
1001 3313 1031 3388 5,
1045 3315 1086 3378 20
1108 3314 1224 3392 culpari
1247 3313 1354 3376 metati
1378 3316 1467 3376 rides.

373 3421 605 3494 -Saraa
631 3420 692 3483 110
726 3422 864 3484 metueras
898 3418 1087 3495 contingere.
1110 3451 1149 3462 —-
1174 3415 1204 3490 5,
1229 3414 1269 3476 65
1303 3417 1467 3480 meteretis

373 3529 502 3589 reddere
526 3527 654 3587 eoldum.
670 3557 707 3566 -
733 3523 829 3600 Epist.
850 3521 877 3582 1:
906 3519 954 3595 16,
972 3517 1013 3581 60
1034 3522 1172 3582 metueres
1196 3519 1304 3580 audiri.
1328 3554 1370 3565 -
1385 3519 1464 3593 18,1

372 3633 489 3694 metues
511 3626 677 3689 scurrantis
700 3626 833 3703 speciem
857 3626 1004 3702 praebere.

442 3821 469 3880 1)
488 3818 549 3866 Non
567 3815 702 3877 intelligo,
721 3827 768 3862 eur
787 3813 909 3876 Sjiiblom
928 3809 1003 3877 (pag.
1023 3807 1051 3878 6)
1074 3815 1154 3874 putet
1172 3816 1306 3875 aegrotare
1325 3811 1397 3860 idem
1415 3823 1460 3858 va·

370 3908 426 3956 lere
446 3906 531 3970 quod:
557 3915 590 3954 rre
606 3904 719 3968 aprutio
733 3897 809 3966 fiam.
840 3901 935 3963 Neque
954 3899 1026 3948 enim
1044 3899 1184 3960 Horatius,
1205 3913 1258 3963 quo
1278 3902 1411 3960 vereatur,
1429 3911 1463 3946 ne

370 3995 478 4058 ipsein
496 3991 620 4043 morbum
639 3990 753 4051 incidat,
773 3990 853 4053 petit,
877 3993 909 4038 ut
936 3989 992 4037 ruri
1019 4003 1129 4038 manere
1148 3988 1201 4036 sibi
1220 3987 1311 4049 liceat,
1331 3989 1379 4036 aed
1399 3987 1463 4050 quia

370 4082 400 4131 id
418 4081 565 4144 prohibere
584 4083 707 4130 conatur.

440 4168 467 4234 2)
485 4170 525 4218 De
543 4169 627 4218 verbo
646 4167 761 4217 timendi
779 4166 808 4215 in
828 4179 867 4215 or.
879 4164 1003 4217 solvide
1023 4161 1194 4213 Kuehnerum
1208 4160 1222 4225 §
1235 4163 1291 4214 127:
1303 4165 1326 4211 2.
1347 4162 1464 4222 Schultz,

371 4257 385 4324 ξ
406 4253 456 4306 349
475 4257 544 4306 Anu.
565 4259 587 4308 3.

439 4347 468 4422 3)
486 4345 555 4395 Vide
573 4343 746 4405 Fahlcrantn,
765 4357 827 4406 pag.
847 4342 890 4393 49.
