3222 5044
400 386 437 454 18

348 549 483 608 ctorstus
495 545 594 626 cael).
608 581 648 594 -
662 545 691 626 3,
705 545 745 612 86
758 566 904 614 summam
917 549 1053 614 incidere
1065 551 1221 630 sepulcrm
1245 551 1276 614 ni
1290 549 1335 614 sic
1352 549 1446 613 iecis-

352 654 431 724 sent,
456 651 660 727 gladiatorum
685 653 764 714 dare
781 656 902 713 centum
926 652 1013 729 paria
1036 656 1149 731 populo
1174 655 1319 717 damnati.

437 755 512 814 Post
547 755 673 817 verbum
707 751 885 820 damnandi
917 753 999 831 apud
1028 756 1111 817 luris
1134 757 1296 818 consultos
1322 762 1352 818 ct
1374 774 1449 818 con-

347 854 469 931 junctio
493 855 528 916 ot
550 853 617 936 (nc)
641 878 707 919 eum
730 857 924 936 conjunctivo
949 860 980 916 et
1002 855 1168 918 infinitivus
1203 863 1357 934 vereatur3
1394 859 1450 919 scd

348 956 392 1016 nil
424 955 483 1016 nisi
515 955 682 1022 infinitivus
703 965 774 1039 post
795 960 954 1046 formulam
989 963 1256 1022 testamentorum:
1293 959 1448 1024 ”domnos

270 1127 274 1143 ⁸
348 1057 431 1122 csto”
456 1059 486 1119 in
509 1060 632 1136 legibus
654 1059 843 1141 sequitur2).

434 1193 470 1280 6)
493 1195 593 1256 Etiam
616 1201 697 1275 apud
720 1217 826 1262 vocem
849 1196 1080 1278 interpellandi,
1115 1201 1217 1261 verbis
1240 1196 1452 1262 commovendi

353 1300 552 1373 contrariam,
587 1297 731 1360 Horatius
754 1302 902 1364 infinitivo
926 1324 981 1382 pro
1003 1305 1219 1382 conjunctione
1242 1321 1281 1365 nc
1304 1302 1352 1362 vel
1376 1320 1450 1383 quo·

354 1401 460 1463 minus
485 1404 516 1462 et
538 1400 733 1478 conjunctivo
757 1405 863 1466 addito
885 1408 979 1468 utitur
991 1406 1028 1485 ³).

439 1504 502 1564 Sat.
528 1502 556 1563 l:
583 1502 612 1580 6,
638 1503 699 1566 127
730 1513 875 1583 quantum
911 1509 1087 1587 interpellet
1109 1507 1192 1568 inani
1227 1511 1334 1568 ventre
1369 1507 1450 1567 diem

352 1607 473 1668 durare.
1101 1687 1105 1692 Ι

438 1707 557 1772 Arucci.
604 1712 681 1771 Voci
697 1709 889 1792 prohibendi
917 1713 964 1775 bis
987 1713 1068 1790 apud
1091 1713 1249 1772 Horatium
1274 1713 1358 1772 aliud
1379 1730 1448 1772 ver-

352 1815 529 1889 bumetqnc
549 1812 580 1873 id
598 1813 628 1873 in
649 1815 714 1874 sola
737 1815 834 1876 forma
857 1815 998 1877 infinitivi
1021 1815 1190 1893 subjicitur.
1214 1815 1308 1890 (Vide
1321 1814 1446 1892 posthac

352 1917 409 1991 ΙΙΙ,
433 1917 457 1976 Β
481 1919 513 1976 et
536 1913 588 1995 D).

440 2049 475 2136 7)
497 2053 544 2112 De
567 2052 716 2112 infinitivo
751 2071 806 2129 pro
840 2053 1002 2130 participio
1038 2054 1197 2130 praesentis
1234 2054 1316 2131 apud
1353 2053 1446 2112 verba

355 2153 532 2230 inducendi,
556 2153 690 2231 emendi,
713 2153 855 2218 mirandi
877 2156 977 2232 posito
1002 2154 1082 2216 infra
1102 2157 1198 2217 acturi
1222 2174 1324 2218 sumus
1337 2155 1391 2236 (ΙΙ,
1411 2154 1447 2216 A:

356 2253 582 2336 Ιᾶ3ἆῆ

439 2361 474 2420 Β.
521 2359 594 2420 Cum
629 2360 785 2441 adiscllvis
818 2361 984 2422 infinitivus
1007 2380 1026 2421 a
1048 2361 1148 2439 poetis
1177 2365 1270 2437 atque
1294 2361 1449 2438 praecipue

355 2463 394 2523 ab
417 2462 543 2523 Horatio
567 2466 600 2521 ut
624 2462 718 2539 lyrico
743 2464 946 2542 conjungitur,
972 2483 1031 2541 quo
1054 2466 1174 2541 plenius
1198 2464 1381 2528 enuntietur.
1411 2465 1451 2540 ed

356 2581 446 2640 qnam
469 2565 696 2626 rem'uotioues
719 2567 942 2642 adjectivorum
966 2566 1150 2643 pertineant.
1186 2565 1281 2639 Quem
1307 2567 1345 2625 ad
1365 2583 1448 2626 usum

356 2667 527 2743 exemplum
563 2666 735 2728 Graecorum
768 2668 929 2745 plurimum
963 2669 1069 2728 valuit.
1115 2669 1154 2727 ut
1181 2668 1278 2744 primo
1303 2685 1339 2728 ea
1363 2668 1449 2744 adje-

357 2770 449 2842 ctiva,
467 2787 534 2845 quae
549 2770 671 2846 proprie
688 2775 758 2830 sunt
779 2770 945 2846 participia
967 2772 1128 2831 verborum
1153 2771 1332 2830 infinitivum
1355 2771 1448 2845 vulgo

356 2873 405 2932 vel
428 2872 548 2949 poetice
572 2874 753 2949 regentium,
778 2872 897 2932 etiamsi
926 2873 979 2932 illa
998 2874 1148 2934 vocabula
1172 2873 1377 2950 comparative
1402 2872 1449 2931 di-

356 2978 472 3049 cuntur,
497 2975 630 3051 itemque
653 2975 807 3052 adjectiva
831 2993 869 3036 ex
892 2975 1041 3053 ejusmodi
1071 2976 1175 3036 verbis
1197 2976 1327 3035 formata
1349 2979 1449 3051 poetae

355 3079 399 3139 sic
423 3082 616 3154 usurparunt.
660 3078 778 3138 Deinde
803 3079 893 3138 etiam
917 3079 1083 3154 adjectiva,
1102 3097 1169 3156 quae
1185 3079 1265 3138 idem
1289 3077 1450 3136 declarant

356 3181 436 3257 quod
459 3181 525 3242 haec
547 3181 709 3258 participia
733 3182 831 3258 (volnt
853 3180 961 3244 audone
984 3182 1094 3243 dicitur
1111 3200 1166 3257 pro
1184 3181 1308 3254 audens,
1320 3177 1446 3242 nescius

355 3301 409 3360 pro
433 3283 584 3355 nesciens,
620 3279 749 3344 timidus
771 3302 826 3360 pro
850 3283 970 3355 timens,
998 3281 1117 3364 firmus
1151 3299 1222 3358 pro:
1258 3284 1364 3342 valens
1398 3283 1447 3342 vel

356 3385 407 3462 qui
430 3390 533 3462 potest
557 3386 643 3462 etc),
668 3385 698 3443 in
722 3386 848 3446 astricta
871 3387 1009 3445 oratione
1033 3383 1180 3443 infinitivo
1205 3401 1344 3444 connexa
1368 3387 1446 3446 eunt.

353 3490 536 3564 Plerumque
571 3488 736 3549 infinitivus
763 3489 855 3549 activi
880 3489 924 3549 sic
947 3507 1013 3549 cum
1038 3485 1200 3564 adJectivis
1223 3487 1367 3560 sociatur,
1391 3487 1447 3547 sed

425 3694 451 3756 1)
468 3691 528 3744 Eue
546 3695 633 3743 solum
651 3695 751 3752 fortius
769 3695 843 3744 idem
863 3695 987 3744 declarat
1006 3693 1080 3757 quod
1097 3690 1143 3744 sis.
1180 3693 1261 3755 (Vide
1279 3692 1445 3754 Kruegerum

356 3783 391 3831 ad
410 3782 482 3831 hunc
500 3782 608 3843 locum).
641 3781 825 3840 Quintilianus
845 3782 925 3830 dicit:
945 3784 1106 3830 «auctorare
1125 3795 1154 3830 se
1172 3782 1202 3829 ut
1221 3778 1326 3843 aliquid
1345 3777 1446 3826 faciet»

355 3873 383 3917 et
402 3873 585 3939 «auctoratus.
599 3868 635 3918 ad
654 3869 841 3932 sepeliendum
860 3873 992 3931 patrem.»
1029 3868 1110 3928 (Vide
1129 3866 1233 3916 Klotnii
1252 3864 1382 3924 lexicon).

423 3955 451 4016 2)
471 3955 562 4017 Klotz,
580 3956 699 4020 Freund,
717 3957 873 4018 Kuuegeuus
893 3957 928 4004 ad
948 3955 1003 4004 Sat.
1024 3957 1047 4002 2:
1067 3955 1091 4014 3,
1112 3955 1153 4002 86.

363 4037 369 4046 ”
422 4037 449 4104 3)
468 4043 549 4104 Apud
578 4043 744 4102 Ciceronem,
773 4056 854 4105 quum
881 4042 933 4090 hoc
965 4041 1077 4090 verbum
1111 4041 1268 4096 affirmatur,
1298 4051 1353 4085 uno
1384 4037 1447 4085 loco

352 4125 505 4192 quominue,·
533 4131 606 4192 apud
633 4130 741 4178 Liuium
760 4130 796 4190 (4:
817 4130 857 4178 43.
878 4128 905 4188 8)
924 4139 966 4178 lte.
1003 4128 1072 4177 Vide
1101 4127 1210 4176 Schultz
1230 4125 1244 4188 ᾖ
1266 4123 1404 4171 estnon.
1427 4123 1449 4169 l.

252 4201 256 4207 ⁵
351 4215 508 4266 Johsnsson
526 4230 587 4280 pag.
609 4218 648 4266 14.
