3222 5044
1166 437 1206 508 tu

155 599 280 661 Catonis
302 615 383 678 saepe
408 619 490 662 mero
511 600 640 664 caluisse
665 599 770 662 virtus.
798 635 835 644 —
859 597 956 677 Epist.
983 595 1011 662 l:
1036 596 1065 677 2,
1089 599 1108 662 6
1132 601 1248 673 fabula,

154 722 214 780 qua
240 709 379 765 narratur
403 706 520 768 eroon
541 707 696 768 Barbarion
721 704 828 767 collisa
855 712 952 778 (esse)
982 705 1093 764 duello.
1121 739 1158 750 -
1183 707 1247 769 Sat.

157 805 184 864 l:
214 805 241 880 l,
266 805 307 868 64
330 808 451 883 quidam
477 814 660 870 memoratur
681 812 875 870 contemnere
899 807 1006 867 solitns
1029 811 1139 884 (esse).

241 908 359 972 Anoot.
405 912 504 971 liliam
528 913 557 977 in
581 912 832 984 conformatione,
868 929 935 988 qnae
959 914 1094 984 vocatur,
1120 931 1198 974 nom.
1223 932 1249 974 c.

157 1011 210 1070 inl.
237 1029 297 1071 vox
319 1030 387 1075 esse
410 1015 517 1098 sepius
539 1032 628 1091 quam
652 1016 682 1074 in
706 1034 749 1076 or.
774 1017 829 1074 sol.
854 1013 1055 1075 desideratur.

244 1113 300 1176 Od.
325 1112 354 1174 2:
381 1116 432 1193 19,
456 1115 496 1178 27
530 1135 590 1178 non
613 1120 661 1177 sat
686 1117 814 1176 idoneus
836 1118 933 1196 (esse)
957 1134 1066 1193 pugnae
1090 1118 1249 1181 ferebaris.

158 1215 236 1298 (Gir,
245 1219 432 1294 superiorem
455 1223 599 1299 versum).
617 1253 654 1264 -
668 1217 765 1294 Epist.
792 1217 921 1294 1:19,ss
945 1220 1094 1281 Homerus
1114 1223 1252 1298 arguitur
1293 1210 1294 1217 ἵ

161 1321 259 1396 (esse)
282 1321 406 1382 vinosus
429 1322 570 1383 laudibus
592 1321 655 1382 vini
669 1317 706 1402 ¹).

243 1426 278 1486 B.
326 1425 482 1486 Licentius
515 1443 604 1502 quam
635 1425 664 1485 in
688 1443 779 1501 prosa
800 1426 938 1488 oratione
963 1425 1121 1504 Horatius,
1144 1431 1178 1487 ul
1198 1428 1251 1488 alii

158 1530 269 1602 poclm,
305 1527 474 1602 subJeotnm
510 1527 662 1600 infinitivi,
686 1527 839 1606 praecipue
862 1528 1121 1605 pronominatur,
1146 1532 1184 1605 te,
1207 1547 1250 1604 se,

157 1645 229 1704 noe,
252 1646 324 1708 nos,
348 1647 432 1703 eum,
456 1645 506 1691 eos
528 1631 650 1692 omittit.
686 1619 785 1707 “Apud
807 1632 904 1692 bonos
927 1635 1068 1692 auctores
1092 1631 1156 1692 hmo
1179 1651 1249 1694 raro
1281 1665 1288 1679 ·

158 1730 282 1804 desunt,
317 1731 375 1792 nisi
410 1733 517 1791 endem
544 1750 605 1792 vox
634 1733 720 1794 brevi
743 1733 854 1810 spatio,
878 1733 1066 1810 potissimum
1090 1733 1120 1793 in
1145 1734 1252 1796 eidem

157 1832 269 1909 forma,
293 1834 424 1893 maxime
449 1835 530 1911 apud
554 1838 649 1897 verba
672 1835 793 1918 dicendi
822 1839 853 1896 et
876 1835 1070 1896 existimandi
1093 1836 1250 1911 praeeedit,

158 1940 212 1997 aut
244 1953 409 2012 pronomen
445 1937 713 1998 demonstrativum
737 1941 775 1999 ad
798 1938 957 1998 relativum
981 1941 1116 2015 spectat,
1140 1941 1172 1997 et
1195 1937 1252 1999 hoc

159 2039 288 2098 eundem
319 2055 420 2099 casum
450 2037 551 2098 habet.
597 2041 708 2102 Cetera
736 2040 866 2100 maxime
890 2040 1130 2117 ascriptoribus
1153 2058 1253 2101 rernm

160 2159 327 2217 pronomen
349 2159 384 2204 se
406 2141 435 2200 in
471 2141 647 2201 continuata
680 2142 817 2203 oratione
851 2143 976 2218 obliqua
1009 2143 1181 2219 praetcrilur
1201 2143 1253 2202 vel

158 2244 247 2304 simul
271 2263 336 2306 oum
361 2246 460 2307 futuro
483 2245 621 2306 infinitivi
645 2251 716 2320 act,
740 2247 906 2323 praesertim
930 2247 956 2306 si
978 2264 1047 2310 esee
1069 2249 1166 2309 abest.
1196 2248 1251 2308 At·

157 2351 259 2408 tamen
293 2367 414 2427 semper
446 2351 477 2409 in
512 2350 649 2410 oratione
677 2350 731 2410 sol.
756 2369 792 2412 ac
826 2351 1005 2428 plerumque
1040 2351 1121 2427 apud
1143 2357 1252 2429 politas

160 2470 221 2513 vox
251 2453 290 2513 ad
313 2453 520 2514 accusativum
544 2450 674 2528 subjecti
697 2453 853 2529 pertinens
875 2471 977 2515 casum
1000 2454 1167 2514 accusativi
1190 2472 1253 2514 ser·

158 2552 260 2631 vat2).

244 2657 307 2718 Sat.
332 2639 360 2718 1':
388 2657 415 2730 1,
440 2654 481 2720 63
504 2655 584 2732 uuir
607 2654 705 2718 facias
727 2655 792 2716 illi?
829 2655 943 2720 lubeas
976 2655 1076 2740 (eum)
1111 2658 1252 2720 miserum

163 2758 317 2830 csse—6,
342 2757 383 2818 62
403 2759 496 2836 jubes
518 2763 594 2836 (me)
617 2776 685 2819 esse
709 2758 737 2820 in
761 2759 925 2820 amicornm
948 2778 1083 2821 numero.
1097 2793 1137 2805 -
1162 2759 1203 2821 94
1226 2759 1253 2819 si

161 2865 269 2920 natura
287 2860 411 2936 juberet
434 2859 514 2943 (me)
537 2879 632 2922 aevum
656 2879 792 2920 remeare
815 2866 981 2939 peractum.
994 2897 1036 2908 -
1050 2861 1100 2935 10,
1113 2861 1154 2924 90
1176 2860 1254 2945 (te,)

159 2962 306 3033 Demetri,
319 2962 560 3039 leque-Tigelli,
580 2961 675 3039 jubeo
697 2964 818 3040 plorare
831 2963 867 3042 ³).
877 2999 915 3008 —
929 2965 990 3025 Sat.
1006 2963 1035 3024 2:
1050 2962 1079 3038 3,
1095 2964 1135 3026 77
1157 2965 1254 3044 (eum)

159 3065 265 3125 audire
288 3070 381 3142 atquc
403 3069 506 3142 togam
525 3065 621 3142 jubeo
645 3084 826 3143 componere
843 3068 1038 3144 quisquis-
1054 3066 1083 3142 5,
1098 3067 1139 3131 38
1152 3067 1252 3151 (eum)

159 3170 204 3230 ire
227 3171 347 3232 domum
371 3174 463 3246 atque
486 3169 661 3247 pelliculam
684 3187 789 3230 curare
801 3170 887 3246 jube.
902 3203 942 3216 -
957 3169 986 3245 7,
999 3169 1040 3233 33
1060 3173 1190 3250 jusserit
1211 3175 1251 3234 ad

160 3290 193 3332 se
215 3274 366 3334 Maecenas
378 3270 440 3354 (te)
452 3271 480 3346 ⁴)
503 3289 603 3332 serum
625 3273 681 3332 sub
704 3272 818 3332 lumina
840 3274 938 3350 prima
960 3274 1064 3336 venire
1081 3276 1250 3337 convivam.

159 3375 307 3453 -Epist
332 3377 361 3437 1:
376 3376 405 3452 7,
421 3373 460 3438 14
483 3375 558 3454 piris
580 3375 663 3438 vesci
686 3373 850 3458 (aliquem)
873 3378 1004 3440 Calaber
1021 3379 1113 3456 jubet
1125 3380 1246 3458 hospes.

232 3560 259 3622 l)
278 3561 348 3612 Vide
366 3565 507 3615 Koehium.

231 3646 260 3710 2)
278 3650 522 3715 Untersuchungen
541 3667 589 3702 aus
609 3652 671 3703 dem
690 3652 805 3703 Gabiete
824 3654 873 3704 der
891 3655 1054 3731 lateinisohe
1073 3655 1252 3719 Spraehlehrc

160 3749 214 3786 von
234 3737 265 3786 G.
285 3737 312 3786 T.
332 3739 363 3786 Α.
382 3739 496 3801 Kriiger,
515 3741 620 3790 Drittes
639 3741 713 3803 Hert,
733 3742 945 3807 Brauuechweig
966 3741 1041 3804 1827,
1078 3744 1092 3808 ξ
1115 3745 1172 3794 133.
1193 3746 1250 3795 134.

160 3825 271 3888 Madvig
290 3825 305 3890 ᾗ
325 3826 382 3875 401.
406 3827 539 3889 Kruegeri
557 3843 670 3890 gramm.
691 3829 705 3894 ξ
726 3831 776 3880 570
794 3831 872 3880 Anm.
893 3832 917 3881 4.
945 3832 1105 3880 Kuehnerus
1124 3831 1139 3897 §
1160 3833 1218 3882 128.-
1236 3835 1251 3881 2

162 3915 239 3963 Anm.
259 3915 287 3974 l;
314 3914 388 3964 idem
415 3915 451 3964 ad
478 3914 534 3964 (lie.
563 3915 641 3966 Tuae.
663 3920 684 3966 1:
703 3920 745 3978 2⁵,
764 3919 805 3967 60.
842 3918 952 3969 Schultz
971 3917 986 3984 ξ
1005 3919 1054 3970 387
1082 3921 1159 3972 Anm.
1186 3923 1209 3982 4,
1238 3921 1253 3986 ὅ

161 4002 210 4051 316
230 4007 299 4052 extr.
639 3979 641 3994 Ι

230 4091 258 4154 3)
277 4091 337 4141 Hoo
354 4092 417 4142 loeo
437 4091 471 4141 de
490 4091 596 4141 duabus
615 4091 730 4142 diversis
758 4093 883 4157 personis
911 4093 1016 4157 agitur3
1043 4093 1072 4144 in
1091 4108 1174 4158 prosa
1193 4108 1252 4144 ora·

162 4178 239 4230 tione
257 4181 345 4230 solum
364 4181 398 4230 de
417 4194 472 4229 una
490 4179 649 4244 eademque.

226 4264 254 4338 4)
273 4267 395 4318 Observa
411 4268 528 4318 formam
547 4264 624 4319 oroi»
642 4267 766 4334 proxime
785 4270 868 4317 autea
886 4266 999 4316 dietam.
